%YAML 1.1
%TAG !u! tag:unity3d.com,2011:
--- !u!29 &1
OcclusionCullingSettings:
  m_ObjectHideFlags: 0
  serializedVersion: 2
  m_OcclusionBakeSettings:
    smallestOccluder: 5
    smallestHole: 0.25
    backfaceThreshold: 100
  m_SceneGUID: 00000000000000000000000000000000
  m_OcclusionCullingData: {fileID: 0}
--- !u!104 &2
RenderSettings:
  m_ObjectHideFlags: 0
  serializedVersion: 8
  m_Fog: 0
  m_FogColor: {r: 0.5, g: 0.5, b: 0.5, a: 1}
  m_FogMode: 3
  m_FogDensity: 0.01
  m_LinearFogStart: 0
  m_LinearFogEnd: 300
  m_AmbientSkyColor: {r: 0.212, g: 0.227, b: 0.259, a: 1}
  m_AmbientEquatorColor: {r: 0.114, g: 0.125, b: 0.133, a: 1}
  m_AmbientGroundColor: {r: 0.047, g: 0.043, b: 0.035, a: 1}
  m_AmbientIntensity: 1
  m_AmbientMode: 0
  m_SubtractiveShadowColor: {r: 0.42, g: 0.478, b: 0.627, a: 1}
  m_SkyboxMaterial: {fileID: 10304, guid: 0000000000000000f000000000000000, type: 0}
  m_HaloStrength: 0.5
  m_FlareStrength: 1
  m_FlareFadeSpeed: 3
  m_HaloTexture: {fileID: 0}
  m_SpotCookie: {fileID: 10001, guid: 0000000000000000e000000000000000, type: 0}
  m_DefaultReflectionMode: 0
  m_DefaultReflectionResolution: 128
  m_ReflectionBounces: 1
  m_ReflectionIntensity: 1
  m_CustomReflection: {fileID: 0}
  m_Sun: {fileID: 0}
  m_IndirectSpecularColor: {r: 0.44817728, g: 0.49867386, b: 0.57770634, a: 1}
--- !u!157 &4
LightmapSettings:
  m_ObjectHideFlags: 0
  serializedVersion: 11
  m_GIWorkflowMode: 1
  m_GISettings:
    serializedVersion: 2
    m_BounceScale: 1
    m_IndirectOutputScale: 1
    m_AlbedoBoost: 1
    m_TemporalCoherenceThreshold: 1
    m_EnvironmentLightingMode: 0
    m_EnableBakedLightmaps: 0
    m_EnableRealtimeLightmaps: 0
  m_LightmapEditorSettings:
    serializedVersion: 9
    m_Resolution: 2
    m_BakeResolution: 40
    m_TextureWidth: 1024
    m_TextureHeight: 1024
    m_AO: 0
    m_AOMaxDistance: 1
    m_CompAOExponent: 0
    m_CompAOExponentDirect: 0
    m_Padding: 2
    m_LightmapParameters: {fileID: 0}
    m_LightmapsBakeMode: 1
    m_TextureCompression: 1
    m_FinalGather: 0
    m_FinalGatherFiltering: 1
    m_FinalGatherRayCount: 1024
    m_ReflectionCompression: 2
    m_MixedBakeMode: 1
    m_BakeBackend: 0
    m_PVRSampling: 1
    m_PVRDirectSampleCount: 32
    m_PVRSampleCount: 500
    m_PVRBounces: 2
    m_PVRFilterTypeDirect: 0
    m_PVRFilterTypeIndirect: 0
    m_PVRFilterTypeAO: 0
    m_PVRFilteringMode: 0
    m_PVRCulling: 1
    m_PVRFilteringGaussRadiusDirect: 1
    m_PVRFilteringGaussRadiusIndirect: 5
    m_PVRFilteringGaussRadiusAO: 2
    m_PVRFilteringAtrousPositionSigmaDirect: 0.5
    m_PVRFilteringAtrousPositionSigmaIndirect: 2
    m_PVRFilteringAtrousPositionSigmaAO: 1
    m_ShowResolutionOverlay: 1
  m_LightingDataAsset: {fileID: 112000000, guid: 0447065e9a7969040b5649e21a858eac,
    type: 2}
  m_UseShadowmask: 0
--- !u!196 &5
NavMeshSettings:
  serializedVersion: 2
  m_ObjectHideFlags: 0
  m_BuildSettings:
    serializedVersion: 2
    agentTypeID: 0
    agentRadius: 0.5
    agentHeight: 2
    agentSlope: 45
    agentClimb: 0.4
    ledgeDropHeight: 0
    maxJumpAcrossDistance: 0
    minRegionArea: 2
    manualCellSize: 0
    cellSize: 0.16666667
    manualTileSize: 0
    tileSize: 256
    accuratePlacement: 0
    debug:
      m_Flags: 0
  m_NavMeshData: {fileID: 0}
--- !u!1 &5004272
GameObject:
  m_ObjectHideFlags: 0
  m_PrefabParentObject: {fileID: 137216, guid: 9382e5891f289ff45b6537898acae783, type: 2}
  m_PrefabInternal: {fileID: 764104176}
  serializedVersion: 5
  m_Component:
  - component: {fileID: 5004273}
  m_Layer: 0
  m_Name: LeftToeBase_end
  m_TagString: Untagged
  m_Icon: {fileID: 0}
  m_NavMeshLayer: 0
  m_StaticEditorFlags: 0
  m_IsActive: 1
--- !u!4 &5004273
Transform:
  m_ObjectHideFlags: 0
  m_PrefabParentObject: {fileID: 400374, guid: 9382e5891f289ff45b6537898acae783, type: 2}
  m_PrefabInternal: {fileID: 764104176}
  m_GameObject: {fileID: 5004272}
  m_LocalRotation: {x: 0, y: 0, z: 0, w: 1}
  m_LocalPosition: {x: -0, y: 0.022136223, z: -2.9802322e-10}
  m_LocalScale: {x: 1, y: 1, z: 1}
  m_Children: []
  m_Father: {fileID: 1736470386}
  m_RootOrder: 0
  m_LocalEulerAnglesHint: {x: 0, y: 0, z: 0}
--- !u!1 &17100985
GameObject:
  m_ObjectHideFlags: 0
  m_PrefabParentObject: {fileID: 137864, guid: 9382e5891f289ff45b6537898acae783, type: 2}
  m_PrefabInternal: {fileID: 764104176}
  serializedVersion: 5
  m_Component:
  - component: {fileID: 17100986}
  m_Layer: 0
  m_Name: LeftLowerLeg
  m_TagString: Untagged
  m_Icon: {fileID: 0}
  m_NavMeshLayer: 0
  m_StaticEditorFlags: 0
  m_IsActive: 1
--- !u!4 &17100986
Transform:
  m_ObjectHideFlags: 0
  m_PrefabParentObject: {fileID: 468110, guid: 9382e5891f289ff45b6537898acae783, type: 2}
  m_PrefabInternal: {fileID: 764104176}
  m_GameObject: {fileID: 17100985}
  m_LocalRotation: {x: 0.12319381, y: -0.14110309, z: -0.0949112, w: 0.977704}
  m_LocalPosition: {x: 0.000000019073486, y: 0.22156572, z: 0.000000029802322}
  m_LocalScale: {x: 1, y: 1, z: 1}
  m_Children:
  - {fileID: 2035824348}
  m_Father: {fileID: 124434507}
  m_RootOrder: 0
  m_LocalEulerAnglesHint: {x: 0, y: 0, z: 0}
--- !u!1 &37188834
GameObject:
  m_ObjectHideFlags: 0
  m_PrefabParentObject: {fileID: 173352, guid: 9382e5891f289ff45b6537898acae783, type: 2}
  m_PrefabInternal: {fileID: 764104176}
  serializedVersion: 5
  m_Component:
  - component: {fileID: 37188835}
  m_Layer: 0
  m_Name: RightShoulder_Dummy
  m_TagString: Untagged
  m_Icon: {fileID: 0}
  m_NavMeshLayer: 0
  m_StaticEditorFlags: 0
  m_IsActive: 1
--- !u!4 &37188835
Transform:
  m_ObjectHideFlags: 0
  m_PrefabParentObject: {fileID: 461098, guid: 9382e5891f289ff45b6537898acae783, type: 2}
  m_PrefabInternal: {fileID: 764104176}
  m_GameObject: {fileID: 37188834}
  m_LocalRotation: {x: 0.19950907, y: 0.016641904, z: -0.68999445, w: 0.6955766}
  m_LocalPosition: {x: -0, y: 0.13500217, z: 0.00000012218952}
  m_LocalScale: {x: 1, y: 1, z: 1}
  m_Children:
  - {fileID: 1795528041}
  m_Father: {fileID: 1571958541}
  m_RootOrder: 2
  m_LocalEulerAnglesHint: {x: 0, y: 0, z: 0}
--- !u!1 &78500556
GameObject:
  m_ObjectHideFlags: 0
  m_PrefabParentObject: {fileID: 122926, guid: 9382e5891f289ff45b6537898acae783, type: 2}
  m_PrefabInternal: {fileID: 764104176}
  serializedVersion: 5
  m_Component:
  - component: {fileID: 78500557}
  m_Layer: 0
  m_Name: RightToeBase
  m_TagString: Untagged
  m_Icon: {fileID: 0}
  m_NavMeshLayer: 0
  m_StaticEditorFlags: 0
  m_IsActive: 1
--- !u!4 &78500557
Transform:
  m_ObjectHideFlags: 0
  m_PrefabParentObject: {fileID: 481374, guid: 9382e5891f289ff45b6537898acae783, type: 2}
  m_PrefabInternal: {fileID: 764104176}
  m_GameObject: {fileID: 78500556}
  m_LocalRotation: {x: -0.15247072, y: -0.006512314, z: -0.0056824256, w: 0.9882702}
  m_LocalPosition: {x: -0, y: 0.037572764, z: 0}
  m_LocalScale: {x: 1, y: 1, z: 1}
  m_Children:
  - {fileID: 1366982387}
  m_Father: {fileID: 1219184411}
  m_RootOrder: 0
  m_LocalEulerAnglesHint: {x: 0, y: 0, z: 0}
--- !u!1 &94324483
GameObject:
  m_ObjectHideFlags: 0
  m_PrefabParentObject: {fileID: 184390, guid: 9382e5891f289ff45b6537898acae783, type: 2}
  m_PrefabInternal: {fileID: 764104176}
  serializedVersion: 5
  m_Component:
  - component: {fileID: 94324485}
  - component: {fileID: 94324484}
  m_Layer: 0
  m_Name: eye_normalL
  m_TagString: Untagged
  m_Icon: {fileID: 0}
  m_NavMeshLayer: 0
  m_StaticEditorFlags: 0
  m_IsActive: 1
--- !u!137 &94324484
SkinnedMeshRenderer:
  m_ObjectHideFlags: 0
  m_PrefabParentObject: {fileID: 13781478, guid: 9382e5891f289ff45b6537898acae783,
    type: 2}
  m_PrefabInternal: {fileID: 764104176}
  m_GameObject: {fileID: 94324483}
  m_Enabled: 1
  m_CastShadows: 1
  m_ReceiveShadows: 1
  m_DynamicOccludee: 1
  m_MotionVectors: 1
  m_LightProbeUsage: 1
  m_ReflectionProbeUsage: 1
  m_Materials:
  - {fileID: 2100000, guid: 714a87bcbd6ee83458c9493eb49b9bc4, type: 2}
  m_StaticBatchInfo:
    firstSubMesh: 0
    subMeshCount: 0
  m_StaticBatchRoot: {fileID: 0}
  m_ProbeAnchor: {fileID: 0}
  m_LightProbeVolumeOverride: {fileID: 0}
  m_ScaleInLightmap: 1
  m_PreserveUVs: 0
  m_IgnoreNormalsForChartDetection: 0
  m_ImportantGI: 0
  m_StitchLightmapSeams: 0
  m_SelectedEditorRenderState: 3
  m_MinimumChartSize: 4
  m_AutoUVMaxDistance: 0.5
  m_AutoUVMaxAngle: 89
  m_LightmapParameters: {fileID: 0}
  m_SortingLayerID: 0
  m_SortingLayer: 0
  m_SortingOrder: 0
  serializedVersion: 2
  m_Quality: 0
  m_UpdateWhenOffscreen: 0
  m_SkinnedMotionVectors: 1
  m_Mesh: {fileID: 4300004, guid: 44dd2548ae7edad4996905342a9eb7a2, type: 3}
  m_Bones:
  - {fileID: 1060939923}
  - {fileID: 124434507}
  - {fileID: 17100986}
  - {fileID: 2035824348}
  - {fileID: 1736470386}
  - {fileID: 315444517}
  - {fileID: 2048112392}
  - {fileID: 1219184411}
  - {fileID: 78500557}
  - {fileID: 458566652}
  - {fileID: 1571958541}
  - {fileID: 1835470006}
  - {fileID: 1880545008}
  - {fileID: 1228876623}
  - {fileID: 1795528041}
  - {fileID: 305774693}
  - {fileID: 619403553}
  - {fileID: 2132664426}
  - {fileID: 1563257137}
  - {fileID: 1869365328}
  - {fileID: 2113234635}
  - {fileID: 1561194454}
  - {fileID: 955095992}
  - {fileID: 693576238}
  - {fileID: 1071985329}
  - {fileID: 1742351559}
  - {fileID: 596730309}
  m_BlendShapeWeights: []
  m_RootBone: {fileID: 1060939923}
  m_AABB:
    m_Center: {x: -0.06565668, y: 0.40911657, z: 0.066431716}
    m_Extent: {x: 0.02822405, y: 0.03393513, z: 0.019781755}
  m_DirtyAABB: 0
--- !u!4 &94324485
Transform:
  m_ObjectHideFlags: 0
  m_PrefabParentObject: {fileID: 434486, guid: 9382e5891f289ff45b6537898acae783, type: 2}
  m_PrefabInternal: {fileID: 764104176}
  m_GameObject: {fileID: 94324483}
  m_LocalRotation: {x: 0, y: 0, z: 0, w: 1}
  m_LocalPosition: {x: 0, y: 0, z: 0}
  m_LocalScale: {x: 1, y: 1, z: 1}
  m_Children: []
  m_Father: {fileID: 169626739}
  m_RootOrder: 2
  m_LocalEulerAnglesHint: {x: 0, y: 0, z: 0}
--- !u!1 &124434506
GameObject:
  m_ObjectHideFlags: 0
  m_PrefabParentObject: {fileID: 186304, guid: 9382e5891f289ff45b6537898acae783, type: 2}
  m_PrefabInternal: {fileID: 764104176}
  serializedVersion: 5
  m_Component:
  - component: {fileID: 124434507}
  m_Layer: 0
  m_Name: LeftUpperLeg
  m_TagString: Untagged
  m_Icon: {fileID: 0}
  m_NavMeshLayer: 0
  m_StaticEditorFlags: 0
  m_IsActive: 1
--- !u!4 &124434507
Transform:
  m_ObjectHideFlags: 0
  m_PrefabParentObject: {fileID: 402420, guid: 9382e5891f289ff45b6537898acae783, type: 2}
  m_PrefabInternal: {fileID: 764104176}
  m_GameObject: {fileID: 124434506}
  m_LocalRotation: {x: -0.42797256, y: 0.6419208, z: 0.34804916, w: 0.53257763}
  m_LocalPosition: {x: 0.000000006854534, y: 0.099045895, z: 0}
  m_LocalScale: {x: 1, y: 1, z: 1}
  m_Children:
  - {fileID: 17100986}
  m_Father: {fileID: 1668655283}
  m_RootOrder: 0
  m_LocalEulerAnglesHint: {x: 0, y: 0, z: 0}
--- !u!1 &166696342
GameObject:
  m_ObjectHideFlags: 0
  m_PrefabParentObject: {fileID: 112628, guid: 9382e5891f289ff45b6537898acae783, type: 2}
  m_PrefabInternal: {fileID: 764104176}
  serializedVersion: 5
  m_Component:
  - component: {fileID: 166696343}
  m_Layer: 0
  m_Name: bone133_end
  m_TagString: Untagged
  m_Icon: {fileID: 0}
  m_NavMeshLayer: 0
  m_StaticEditorFlags: 0
  m_IsActive: 1
--- !u!4 &166696343
Transform:
  m_ObjectHideFlags: 0
  m_PrefabParentObject: {fileID: 432382, guid: 9382e5891f289ff45b6537898acae783, type: 2}
  m_PrefabInternal: {fileID: 764104176}
  m_GameObject: {fileID: 166696342}
  m_LocalRotation: {x: 0, y: 0, z: 0, w: 1}
  m_LocalPosition: {x: 0.000000013411045, y: 0.24318321, z: 0.000000004172325}
  m_LocalScale: {x: 1, y: 1, z: 1}
  m_Children: []
  m_Father: {fileID: 693576238}
  m_RootOrder: 0
  m_LocalEulerAnglesHint: {x: 0, y: 0, z: 0}
--- !u!1 &168163852
GameObject:
  m_ObjectHideFlags: 0
  m_PrefabParentObject: {fileID: 178094, guid: 9382e5891f289ff45b6537898acae783, type: 2}
  m_PrefabInternal: {fileID: 764104176}
  serializedVersion: 5
  m_Component:
  - component: {fileID: 168163853}
  m_Layer: 0
  m_Name: RightEye_Dummy
  m_TagString: Untagged
  m_Icon: {fileID: 0}
  m_NavMeshLayer: 0
  m_StaticEditorFlags: 0
  m_IsActive: 1
--- !u!4 &168163853
Transform:
  m_ObjectHideFlags: 0
  m_PrefabParentObject: {fileID: 417762, guid: 9382e5891f289ff45b6537898acae783, type: 2}
  m_PrefabInternal: {fileID: 764104176}
  m_GameObject: {fileID: 168163852}
  m_LocalRotation: {x: 0.73426145, y: -0.020686112, z: -0.643814, w: 0.21432623}
  m_LocalPosition: {x: -0, y: 0.3288863, z: -0.000000035762785}
  m_LocalScale: {x: 1, y: 1, z: 1}
  m_Children:
  - {fileID: 1742351559}
  m_Father: {fileID: 1869365328}
  m_RootOrder: 4
  m_LocalEulerAnglesHint: {x: 0, y: 0, z: 0}
--- !u!1 &169626736
GameObject:
  m_ObjectHideFlags: 0
  m_PrefabParentObject: {fileID: 188894, guid: 9382e5891f289ff45b6537898acae783, type: 2}
  m_PrefabInternal: {fileID: 764104176}
  serializedVersion: 5
  m_Component:
  - component: {fileID: 169626739}
  - component: {fileID: 169626738}
  - component: {fileID: 169626737}
  m_Layer: 0
  m_Name: ChiyaChan
  m_TagString: Untagged
  m_Icon: {fileID: 0}
  m_NavMeshLayer: 0
  m_StaticEditorFlags: 0
  m_IsActive: 1
--- !u!114 &169626737
MonoBehaviour:
  m_ObjectHideFlags: 0
  m_PrefabParentObject: {fileID: 11475542, guid: 9382e5891f289ff45b6537898acae783,
    type: 2}
  m_PrefabInternal: {fileID: 764104176}
  m_GameObject: {fileID: 169626736}
  m_Enabled: 1
  m_EditorHideFlags: 0
  m_Script: {fileID: 11500000, guid: 8a36fdcde42edbc43acb40d442375d5a, type: 3}
  m_Name: 
  m_EditorClassIdentifier: 
  emotion: 0
  autoBlink: 1
  blinkIntervalMin: 0.5
  blinkIntervalMax: 5
  blinkTime: 0.1
  eye_blink: {fileID: 1597839130}
  eye_normalL: {fileID: 94324483}
  eye_normalR: {fileID: 1474628957}
  eye_smileL: {fileID: 421205748}
  eye_smileR: {fileID: 1646883464}
--- !u!95 &169626738
Animator:
  serializedVersion: 3
  m_ObjectHideFlags: 0
  m_PrefabParentObject: {fileID: 9536722, guid: 9382e5891f289ff45b6537898acae783,
    type: 2}
  m_PrefabInternal: {fileID: 764104176}
  m_GameObject: {fileID: 169626736}
  m_Enabled: 1
  m_Avatar: {fileID: 9000000, guid: 44dd2548ae7edad4996905342a9eb7a2, type: 3}
  m_Controller: {fileID: 0}
  m_CullingMode: 1
  m_UpdateMode: 0
  m_ApplyRootMotion: 1
  m_LinearVelocityBlending: 0
  m_WarningMessage: 
  m_HasTransformHierarchy: 1
  m_AllowConstantClipSamplingOptimization: 1
--- !u!4 &169626739
Transform:
  m_ObjectHideFlags: 0
  m_PrefabParentObject: {fileID: 400260, guid: 9382e5891f289ff45b6537898acae783, type: 2}
  m_PrefabInternal: {fileID: 764104176}
  m_GameObject: {fileID: 169626736}
  m_LocalRotation: {x: 0, y: 0, z: 0, w: 1}
  m_LocalPosition: {x: 0, y: 0, z: 0}
  m_LocalScale: {x: 1, y: 1, z: 1}
  m_Children:
  - {fileID: 1629515742}
  - {fileID: 1597839132}
  - {fileID: 94324485}
  - {fileID: 1474628959}
  - {fileID: 421205750}
  - {fileID: 1646883466}
  - {fileID: 1060939923}
  - {fileID: 516949696}
  m_Father: {fileID: 0}
  m_RootOrder: 3
  m_LocalEulerAnglesHint: {x: 0, y: 0, z: 0}
--- !u!1 &305774692
GameObject:
  m_ObjectHideFlags: 0
  m_PrefabParentObject: {fileID: 106440, guid: 9382e5891f289ff45b6537898acae783, type: 2}
  m_PrefabInternal: {fileID: 764104176}
  serializedVersion: 5
  m_Component:
  - component: {fileID: 305774693}
  m_Layer: 0
  m_Name: RightUpperArm
  m_TagString: Untagged
  m_Icon: {fileID: 0}
  m_NavMeshLayer: 0
  m_StaticEditorFlags: 0
  m_IsActive: 1
--- !u!4 &305774693
Transform:
  m_ObjectHideFlags: 0
  m_PrefabParentObject: {fileID: 431146, guid: 9382e5891f289ff45b6537898acae783, type: 2}
  m_PrefabInternal: {fileID: 764104176}
  m_GameObject: {fileID: 305774692}
  m_LocalRotation: {x: 0.068925105, y: 0.08129776, z: 0.062051214, w: 0.9923657}
  m_LocalPosition: {x: 0.0000000016391277, y: 0.054059155, z: 0}
  m_LocalScale: {x: 1, y: 1, z: 1}
  m_Children:
  - {fileID: 619403553}
  m_Father: {fileID: 1795528041}
  m_RootOrder: 0
  m_LocalEulerAnglesHint: {x: 0, y: 0, z: 0}
--- !u!1 &315444516
GameObject:
  m_ObjectHideFlags: 0
  m_PrefabParentObject: {fileID: 115580, guid: 9382e5891f289ff45b6537898acae783, type: 2}
  m_PrefabInternal: {fileID: 764104176}
  serializedVersion: 5
  m_Component:
  - component: {fileID: 315444517}
  m_Layer: 0
  m_Name: RightUpperLeg
  m_TagString: Untagged
  m_Icon: {fileID: 0}
  m_NavMeshLayer: 0
  m_StaticEditorFlags: 0
  m_IsActive: 1
--- !u!4 &315444517
Transform:
  m_ObjectHideFlags: 0
  m_PrefabParentObject: {fileID: 493632, guid: 9382e5891f289ff45b6537898acae783, type: 2}
  m_PrefabInternal: {fileID: 764104176}
  m_GameObject: {fileID: 315444516}
  m_LocalRotation: {x: 0.5556885, y: 0.61746335, z: 0.4258183, w: -0.35864758}
  m_LocalPosition: {x: 0.0000000029616056, y: 0.08429031, z: 0}
  m_LocalScale: {x: 1, y: 1, z: 1}
  m_Children:
  - {fileID: 2048112392}
  m_Father: {fileID: 2015152986}
  m_RootOrder: 0
  m_LocalEulerAnglesHint: {x: 0, y: 0, z: 0}
--- !u!1 &366601073
GameObject:
  m_ObjectHideFlags: 0
  m_PrefabParentObject: {fileID: 118760, guid: 9382e5891f289ff45b6537898acae783, type: 2}
  m_PrefabInternal: {fileID: 764104176}
  serializedVersion: 5
  m_Component:
  - component: {fileID: 366601074}
  m_Layer: 0
  m_Name: LeftLowerArm_end
  m_TagString: Untagged
  m_Icon: {fileID: 0}
  m_NavMeshLayer: 0
  m_StaticEditorFlags: 0
  m_IsActive: 1
--- !u!4 &366601074
Transform:
  m_ObjectHideFlags: 0
  m_PrefabParentObject: {fileID: 444018, guid: 9382e5891f289ff45b6537898acae783, type: 2}
  m_PrefabInternal: {fileID: 764104176}
  m_GameObject: {fileID: 366601073}
  m_LocalRotation: {x: 0, y: 0, z: 0, w: 1}
  m_LocalPosition: {x: -0.000000002980232, y: 0.1559839, z: 0}
  m_LocalScale: {x: 1, y: 1, z: 1}
  m_Children: []
  m_Father: {fileID: 1228876623}
  m_RootOrder: 0
  m_LocalEulerAnglesHint: {x: 0, y: 0, z: 0}
--- !u!1 &421205748
GameObject:
  m_ObjectHideFlags: 0
  m_PrefabParentObject: {fileID: 138788, guid: 9382e5891f289ff45b6537898acae783, type: 2}
  m_PrefabInternal: {fileID: 764104176}
  serializedVersion: 5
  m_Component:
  - component: {fileID: 421205750}
  - component: {fileID: 421205749}
  m_Layer: 0
  m_Name: eye_smileL
  m_TagString: Untagged
  m_Icon: {fileID: 0}
  m_NavMeshLayer: 0
  m_StaticEditorFlags: 0
  m_IsActive: 0
--- !u!137 &421205749
SkinnedMeshRenderer:
  m_ObjectHideFlags: 0
  m_PrefabParentObject: {fileID: 13709260, guid: 9382e5891f289ff45b6537898acae783,
    type: 2}
  m_PrefabInternal: {fileID: 764104176}
  m_GameObject: {fileID: 421205748}
  m_Enabled: 1
  m_CastShadows: 1
  m_ReceiveShadows: 1
  m_DynamicOccludee: 1
  m_MotionVectors: 1
  m_LightProbeUsage: 1
  m_ReflectionProbeUsage: 1
  m_Materials:
  - {fileID: 2100000, guid: 714a87bcbd6ee83458c9493eb49b9bc4, type: 2}
  m_StaticBatchInfo:
    firstSubMesh: 0
    subMeshCount: 0
  m_StaticBatchRoot: {fileID: 0}
  m_ProbeAnchor: {fileID: 0}
  m_LightProbeVolumeOverride: {fileID: 0}
  m_ScaleInLightmap: 1
  m_PreserveUVs: 0
  m_IgnoreNormalsForChartDetection: 0
  m_ImportantGI: 0
  m_StitchLightmapSeams: 0
  m_SelectedEditorRenderState: 3
  m_MinimumChartSize: 4
  m_AutoUVMaxDistance: 0.5
  m_AutoUVMaxAngle: 89
  m_LightmapParameters: {fileID: 0}
  m_SortingLayerID: 0
  m_SortingLayer: 0
  m_SortingOrder: 0
  serializedVersion: 2
  m_Quality: 0
  m_UpdateWhenOffscreen: 0
  m_SkinnedMotionVectors: 1
  m_Mesh: {fileID: 4300008, guid: 44dd2548ae7edad4996905342a9eb7a2, type: 3}
  m_Bones:
  - {fileID: 1060939923}
  - {fileID: 124434507}
  - {fileID: 17100986}
  - {fileID: 2035824348}
  - {fileID: 1736470386}
  - {fileID: 315444517}
  - {fileID: 2048112392}
  - {fileID: 1219184411}
  - {fileID: 78500557}
  - {fileID: 458566652}
  - {fileID: 1571958541}
  - {fileID: 1835470006}
  - {fileID: 1880545008}
  - {fileID: 1228876623}
  - {fileID: 1795528041}
  - {fileID: 305774693}
  - {fileID: 619403553}
  - {fileID: 2132664426}
  - {fileID: 1563257137}
  - {fileID: 1869365328}
  - {fileID: 2113234635}
  - {fileID: 1561194454}
  - {fileID: 955095992}
  - {fileID: 693576238}
  - {fileID: 1071985329}
  - {fileID: 1742351559}
  - {fileID: 596730309}
  m_BlendShapeWeights: []
  m_RootBone: {fileID: 1060939923}
  m_AABB:
    m_Center: {x: -0.06331918, y: 0.4007882, z: 0.06785559}
    m_Extent: {x: 0.029252855, y: 0.011498451, z: 0.017776169}
  m_DirtyAABB: 0
--- !u!4 &421205750
Transform:
  m_ObjectHideFlags: 0
  m_PrefabParentObject: {fileID: 442954, guid: 9382e5891f289ff45b6537898acae783, type: 2}
  m_PrefabInternal: {fileID: 764104176}
  m_GameObject: {fileID: 421205748}
  m_LocalRotation: {x: 0, y: 0, z: 0, w: 1}
  m_LocalPosition: {x: 0, y: 0, z: 0}
  m_LocalScale: {x: 1, y: 1, z: 1}
  m_Children: []
  m_Father: {fileID: 169626739}
  m_RootOrder: 4
  m_LocalEulerAnglesHint: {x: 0, y: 0, z: 0}
--- !u!1 &444197514
GameObject:
  m_ObjectHideFlags: 0
  m_PrefabParentObject: {fileID: 186276, guid: 9382e5891f289ff45b6537898acae783, type: 2}
  m_PrefabInternal: {fileID: 764104176}
  serializedVersion: 5
  m_Component:
  - component: {fileID: 444197515}
  m_Layer: 0
  m_Name: RightEye_end
  m_TagString: Untagged
  m_Icon: {fileID: 0}
  m_NavMeshLayer: 0
  m_StaticEditorFlags: 0
  m_IsActive: 1
--- !u!4 &444197515
Transform:
  m_ObjectHideFlags: 0
  m_PrefabParentObject: {fileID: 461926, guid: 9382e5891f289ff45b6537898acae783, type: 2}
  m_PrefabInternal: {fileID: 764104176}
  m_GameObject: {fileID: 444197514}
  m_LocalRotation: {x: 0, y: 0, z: 0, w: 1}
  m_LocalPosition: {x: -0, y: 0.046220653, z: 0}
  m_LocalScale: {x: 1, y: 1, z: 1}
  m_Children: []
  m_Father: {fileID: 1742351559}
  m_RootOrder: 0
  m_LocalEulerAnglesHint: {x: 0, y: 0, z: 0}
--- !u!1 &458566651
GameObject:
  m_ObjectHideFlags: 0
  m_PrefabParentObject: {fileID: 196858, guid: 9382e5891f289ff45b6537898acae783, type: 2}
  m_PrefabInternal: {fileID: 764104176}
  serializedVersion: 5
  m_Component:
  - component: {fileID: 458566652}
  m_Layer: 0
  m_Name: Spine
  m_TagString: Untagged
  m_Icon: {fileID: 0}
  m_NavMeshLayer: 0
  m_StaticEditorFlags: 0
  m_IsActive: 1
--- !u!4 &458566652
Transform:
  m_ObjectHideFlags: 0
  m_PrefabParentObject: {fileID: 482416, guid: 9382e5891f289ff45b6537898acae783, type: 2}
  m_PrefabInternal: {fileID: 764104176}
  m_GameObject: {fileID: 458566651}
  m_LocalRotation: {x: -0.024627943, y: 0, z: -0, w: 0.9996967}
  m_LocalPosition: {x: -0, y: 0.041419376, z: -0.0000000035762786}
  m_LocalScale: {x: 1, y: 1, z: 1}
  m_Children:
  - {fileID: 1571958541}
  m_Father: {fileID: 1060939923}
  m_RootOrder: 2
  m_LocalEulerAnglesHint: {x: 0, y: 0, z: 0}
--- !u!1 &516949695
GameObject:
  m_ObjectHideFlags: 0
  m_PrefabParentObject: {fileID: 115030, guid: 9382e5891f289ff45b6537898acae783, type: 2}
  m_PrefabInternal: {fileID: 764104176}
  serializedVersion: 5
  m_Component:
  - component: {fileID: 516949696}
  - component: {fileID: 516949697}
  m_Layer: 0
  m_Name: mouth
  m_TagString: Untagged
  m_Icon: {fileID: 0}
  m_NavMeshLayer: 0
  m_StaticEditorFlags: 0
  m_IsActive: 1
--- !u!4 &516949696
Transform:
  m_ObjectHideFlags: 0
  m_PrefabParentObject: {fileID: 495022, guid: 9382e5891f289ff45b6537898acae783, type: 2}
  m_PrefabInternal: {fileID: 764104176}
  m_GameObject: {fileID: 516949695}
  m_LocalRotation: {x: 0, y: 0, z: 0, w: 1}
  m_LocalPosition: {x: 0, y: 0, z: 0}
  m_LocalScale: {x: 1, y: 1, z: 1}
  m_Children: []
  m_Father: {fileID: 169626739}
  m_RootOrder: 7
  m_LocalEulerAnglesHint: {x: 0, y: 0, z: 0}
--- !u!137 &516949697
SkinnedMeshRenderer:
  m_ObjectHideFlags: 0
  m_PrefabParentObject: {fileID: 13719130, guid: 9382e5891f289ff45b6537898acae783,
    type: 2}
  m_PrefabInternal: {fileID: 764104176}
  m_GameObject: {fileID: 516949695}
  m_Enabled: 1
  m_CastShadows: 1
  m_ReceiveShadows: 1
  m_DynamicOccludee: 1
  m_MotionVectors: 1
  m_LightProbeUsage: 1
  m_ReflectionProbeUsage: 1
  m_Materials:
  - {fileID: 2100000, guid: 714a87bcbd6ee83458c9493eb49b9bc4, type: 2}
  m_StaticBatchInfo:
    firstSubMesh: 0
    subMeshCount: 0
  m_StaticBatchRoot: {fileID: 0}
  m_ProbeAnchor: {fileID: 0}
  m_LightProbeVolumeOverride: {fileID: 0}
  m_ScaleInLightmap: 1
  m_PreserveUVs: 0
  m_IgnoreNormalsForChartDetection: 0
  m_ImportantGI: 0
  m_StitchLightmapSeams: 0
  m_SelectedEditorRenderState: 3
  m_MinimumChartSize: 4
  m_AutoUVMaxDistance: 0.5
  m_AutoUVMaxAngle: 89
  m_LightmapParameters: {fileID: 0}
  m_SortingLayerID: 0
  m_SortingLayer: 0
  m_SortingOrder: 0
  serializedVersion: 2
  m_Quality: 0
  m_UpdateWhenOffscreen: 0
  m_SkinnedMotionVectors: 1
  m_Mesh: {fileID: 4300012, guid: 44dd2548ae7edad4996905342a9eb7a2, type: 3}
  m_Bones:
  - {fileID: 1060939923}
  - {fileID: 124434507}
  - {fileID: 17100986}
  - {fileID: 2035824348}
  - {fileID: 1736470386}
  - {fileID: 315444517}
  - {fileID: 2048112392}
  - {fileID: 1219184411}
  - {fileID: 78500557}
  - {fileID: 458566652}
  - {fileID: 1571958541}
  - {fileID: 1835470006}
  - {fileID: 1880545008}
  - {fileID: 1228876623}
  - {fileID: 1795528041}
  - {fileID: 305774693}
  - {fileID: 619403553}
  - {fileID: 2132664426}
  - {fileID: 1563257137}
  - {fileID: 1869365328}
  - {fileID: 2113234635}
  - {fileID: 1561194454}
  - {fileID: 955095992}
  - {fileID: 693576238}
  - {fileID: 1071985329}
  - {fileID: 1742351559}
  - {fileID: 596730309}
  m_BlendShapeWeights: []
  m_RootBone: {fileID: 1060939923}
  m_AABB:
    m_Center: {x: 0, y: 0.3438599, z: 0.093988776}
    m_Extent: {x: 0.020713227, y: 0.0030120611, z: 0.002526857}
  m_DirtyAABB: 0
--- !u!1 &596730308
GameObject:
  m_ObjectHideFlags: 0
  m_PrefabParentObject: {fileID: 136226, guid: 9382e5891f289ff45b6537898acae783, type: 2}
  m_PrefabInternal: {fileID: 764104176}
  serializedVersion: 5
  m_Component:
  - component: {fileID: 596730309}
  m_Layer: 0
  m_Name: Mouth
  m_TagString: Untagged
  m_Icon: {fileID: 0}
  m_NavMeshLayer: 0
  m_StaticEditorFlags: 0
  m_IsActive: 1
--- !u!4 &596730309
Transform:
  m_ObjectHideFlags: 0
  m_PrefabParentObject: {fileID: 486598, guid: 9382e5891f289ff45b6537898acae783, type: 2}
  m_PrefabInternal: {fileID: 764104176}
  m_GameObject: {fileID: 596730308}
  m_LocalRotation: {x: -0.3967642, y: 0, z: -0, w: 0.9179206}
  m_LocalPosition: {x: -0, y: 0.3231008, z: 0.000000009536743}
  m_LocalScale: {x: 1, y: 1, z: 1}
  m_Children:
  - {fileID: 1258740505}
  m_Father: {fileID: 1027978540}
  m_RootOrder: 0
  m_LocalEulerAnglesHint: {x: 0, y: 0, z: 0}
--- !u!1 &613595342
GameObject:
  m_ObjectHideFlags: 0
  m_PrefabParentObject: {fileID: 0}
  m_PrefabInternal: {fileID: 0}
  serializedVersion: 5
  m_Component:
  - component: {fileID: 613595347}
  - component: {fileID: 613595346}
  - component: {fileID: 613595345}
  - component: {fileID: 613595344}
  - component: {fileID: 613595343}
  m_Layer: 0
  m_Name: Main Camera
  m_TagString: MainCamera
  m_Icon: {fileID: 0}
  m_NavMeshLayer: 0
  m_StaticEditorFlags: 0
  m_IsActive: 1
--- !u!81 &613595343
AudioListener:
  m_ObjectHideFlags: 0
  m_PrefabParentObject: {fileID: 0}
  m_PrefabInternal: {fileID: 0}
  m_GameObject: {fileID: 613595342}
  m_Enabled: 1
--- !u!124 &613595344
Behaviour:
  m_ObjectHideFlags: 0
  m_PrefabParentObject: {fileID: 0}
  m_PrefabInternal: {fileID: 0}
  m_GameObject: {fileID: 613595342}
  m_Enabled: 1
--- !u!92 &613595345
Behaviour:
  m_ObjectHideFlags: 0
  m_PrefabParentObject: {fileID: 0}
  m_PrefabInternal: {fileID: 0}
  m_GameObject: {fileID: 613595342}
  m_Enabled: 1
--- !u!20 &613595346
Camera:
  m_ObjectHideFlags: 0
  m_PrefabParentObject: {fileID: 0}
  m_PrefabInternal: {fileID: 0}
  m_GameObject: {fileID: 613595342}
  m_Enabled: 1
  serializedVersion: 2
  m_ClearFlags: 1
  m_BackGroundColor: {r: 0.19215687, g: 0.3019608, b: 0.4745098, a: 0.019607844}
  m_NormalizedViewPortRect:
    serializedVersion: 2
    x: 0
    y: 0
    width: 1
    height: 1
  near clip plane: 0.3
  far clip plane: 1000
  field of view: 30
  orthographic: 0
  orthographic size: 5
  m_Depth: -1
  m_CullingMask:
    serializedVersion: 2
    m_Bits: 4294967295
  m_RenderingPath: -1
  m_TargetTexture: {fileID: 0}
  m_TargetDisplay: 0
  m_TargetEye: 3
  m_HDR: 0
  m_AllowMSAA: 1
  m_AllowDynamicResolution: 0
  m_ForceIntoRT: 0
  m_OcclusionCulling: 1
  m_StereoConvergence: 10
  m_StereoSeparation: 0.022
--- !u!4 &613595347
Transform:
  m_ObjectHideFlags: 0
  m_PrefabParentObject: {fileID: 0}
  m_PrefabInternal: {fileID: 0}
  m_GameObject: {fileID: 613595342}
  m_LocalRotation: {x: -0.00000002126542, y: 0.9914449, z: -0.13052621, w: -0.00000016152688}
  m_LocalPosition: {x: 0, y: 1.149, z: 2.17}
  m_LocalScale: {x: 1, y: 1, z: 1}
  m_Children: []
  m_Father: {fileID: 0}
  m_RootOrder: 0
  m_LocalEulerAnglesHint: {x: 0, y: 0, z: 0}
--- !u!1 &619403552
GameObject:
  m_ObjectHideFlags: 0
  m_PrefabParentObject: {fileID: 182652, guid: 9382e5891f289ff45b6537898acae783, type: 2}
  m_PrefabInternal: {fileID: 764104176}
  serializedVersion: 5
  m_Component:
  - component: {fileID: 619403553}
  m_Layer: 0
  m_Name: RightLowerArm
  m_TagString: Untagged
  m_Icon: {fileID: 0}
  m_NavMeshLayer: 0
  m_StaticEditorFlags: 0
  m_IsActive: 1
--- !u!4 &619403553
Transform:
  m_ObjectHideFlags: 0
  m_PrefabParentObject: {fileID: 488518, guid: 9382e5891f289ff45b6537898acae783, type: 2}
  m_PrefabInternal: {fileID: 764104176}
  m_GameObject: {fileID: 619403552}
  m_LocalRotation: {x: 0.05598529, y: 0.066112116, z: 0.048951525, w: 0.995037}
  m_LocalPosition: {x: -0.000000008642673, y: 0.17270407, z: 5.9604643e-10}
  m_LocalScale: {x: 1, y: 1, z: 1}
  m_Children:
  - {fileID: 688392823}
  m_Father: {fileID: 305774693}
  m_RootOrder: 0
  m_LocalEulerAnglesHint: {x: 0, y: 0, z: 0}
--- !u!1 &688392822
GameObject:
  m_ObjectHideFlags: 0
  m_PrefabParentObject: {fileID: 184536, guid: 9382e5891f289ff45b6537898acae783, type: 2}
  m_PrefabInternal: {fileID: 764104176}
  serializedVersion: 5
  m_Component:
  - component: {fileID: 688392823}
  m_Layer: 0
  m_Name: RightLowerArm_end
  m_TagString: Untagged
  m_Icon: {fileID: 0}
  m_NavMeshLayer: 0
  m_StaticEditorFlags: 0
  m_IsActive: 1
--- !u!4 &688392823
Transform:
  m_ObjectHideFlags: 0
  m_PrefabParentObject: {fileID: 479782, guid: 9382e5891f289ff45b6537898acae783, type: 2}
  m_PrefabInternal: {fileID: 764104176}
  m_GameObject: {fileID: 688392822}
  m_LocalRotation: {x: 0, y: 0, z: 0, w: 1}
  m_LocalPosition: {x: 0.000000002980232, y: 0.1559839, z: 0}
  m_LocalScale: {x: 1, y: 1, z: 1}
  m_Children: []
  m_Father: {fileID: 619403553}
  m_RootOrder: 0
  m_LocalEulerAnglesHint: {x: 0, y: 0, z: 0}
--- !u!1 &689004668
GameObject:
  m_ObjectHideFlags: 0
  m_PrefabParentObject: {fileID: 188982, guid: 9382e5891f289ff45b6537898acae783, type: 2}
  m_PrefabInternal: {fileID: 764104176}
  serializedVersion: 5
  m_Component:
  - component: {fileID: 689004669}
  m_Layer: 0
  m_Name: bone128
  m_TagString: Untagged
  m_Icon: {fileID: 0}
  m_NavMeshLayer: 0
  m_StaticEditorFlags: 0
  m_IsActive: 1
--- !u!4 &689004669
Transform:
  m_ObjectHideFlags: 0
  m_PrefabParentObject: {fileID: 494908, guid: 9382e5891f289ff45b6537898acae783, type: 2}
  m_PrefabInternal: {fileID: 764104176}
  m_GameObject: {fileID: 689004668}
  m_LocalRotation: {x: -0.4855427, y: 0.021064978, z: 0.6556054, w: 0.5779154}
  m_LocalPosition: {x: -0, y: 0.3288863, z: -0.000000035762785}
  m_LocalScale: {x: 1, y: 1, z: 1}
  m_Children:
  - {fileID: 2113234635}
  m_Father: {fileID: 1869365328}
  m_RootOrder: 0
  m_LocalEulerAnglesHint: {x: 0, y: 0, z: 0}
--- !u!1 &693576237
GameObject:
  m_ObjectHideFlags: 0
  m_PrefabParentObject: {fileID: 160642, guid: 9382e5891f289ff45b6537898acae783, type: 2}
  m_PrefabInternal: {fileID: 764104176}
  serializedVersion: 5
  m_Component:
  - component: {fileID: 693576238}
  m_Layer: 0
  m_Name: bone133
  m_TagString: Untagged
  m_Icon: {fileID: 0}
  m_NavMeshLayer: 0
  m_StaticEditorFlags: 0
  m_IsActive: 1
--- !u!4 &693576238
Transform:
  m_ObjectHideFlags: 0
  m_PrefabParentObject: {fileID: 483152, guid: 9382e5891f289ff45b6537898acae783, type: 2}
  m_PrefabInternal: {fileID: 764104176}
  m_GameObject: {fileID: 693576237}
  m_LocalRotation: {x: -0.014611883, y: 0.9723291, z: -0.1882257, w: 0.13760038}
  m_LocalPosition: {x: -0, y: 0.25729445, z: 0.000000009536743}
  m_LocalScale: {x: 1, y: 1, z: 1}
  m_Children:
  - {fileID: 166696343}
  m_Father: {fileID: 1561194454}
  m_RootOrder: 0
  m_LocalEulerAnglesHint: {x: 0, y: 0, z: 0}
--- !u!1001 &764104176
Prefab:
  m_ObjectHideFlags: 0
  serializedVersion: 2
  m_Modification:
    m_TransformParent: {fileID: 0}
    m_Modifications:
    - target: {fileID: 400260, guid: 9382e5891f289ff45b6537898acae783, type: 2}
      propertyPath: m_LocalPosition.x
      value: 0
      objectReference: {fileID: 0}
    - target: {fileID: 400260, guid: 9382e5891f289ff45b6537898acae783, type: 2}
      propertyPath: m_LocalPosition.y
      value: 0
      objectReference: {fileID: 0}
    - target: {fileID: 400260, guid: 9382e5891f289ff45b6537898acae783, type: 2}
      propertyPath: m_LocalPosition.z
      value: 0
      objectReference: {fileID: 0}
    - target: {fileID: 400260, guid: 9382e5891f289ff45b6537898acae783, type: 2}
      propertyPath: m_LocalRotation.x
      value: 0
      objectReference: {fileID: 0}
    - target: {fileID: 400260, guid: 9382e5891f289ff45b6537898acae783, type: 2}
      propertyPath: m_LocalRotation.y
      value: 0
      objectReference: {fileID: 0}
    - target: {fileID: 400260, guid: 9382e5891f289ff45b6537898acae783, type: 2}
      propertyPath: m_LocalRotation.z
      value: 0
      objectReference: {fileID: 0}
    - target: {fileID: 400260, guid: 9382e5891f289ff45b6537898acae783, type: 2}
      propertyPath: m_LocalRotation.w
      value: 1
      objectReference: {fileID: 0}
    - target: {fileID: 400260, guid: 9382e5891f289ff45b6537898acae783, type: 2}
      propertyPath: m_RootOrder
      value: 3
      objectReference: {fileID: 0}
    m_RemovedComponents: []
  m_ParentPrefab: {fileID: 100100000, guid: 9382e5891f289ff45b6537898acae783, type: 2}
  m_RootGameObject: {fileID: 169626736}
  m_IsPrefabParent: 0
--- !u!1 &780880996
GameObject:
  m_ObjectHideFlags: 0
  m_PrefabParentObject: {fileID: 128076, guid: 9382e5891f289ff45b6537898acae783, type: 2}
  m_PrefabInternal: {fileID: 764104176}
  serializedVersion: 5
  m_Component:
  - component: {fileID: 780880997}
  m_Layer: 0
  m_Name: bone132_end
  m_TagString: Untagged
  m_Icon: {fileID: 0}
  m_NavMeshLayer: 0
  m_StaticEditorFlags: 0
  m_IsActive: 1
--- !u!4 &780880997
Transform:
  m_ObjectHideFlags: 0
  m_PrefabParentObject: {fileID: 470600, guid: 9382e5891f289ff45b6537898acae783, type: 2}
  m_PrefabInternal: {fileID: 764104176}
  m_GameObject: {fileID: 780880996}
  m_LocalRotation: {x: 0, y: 0, z: 0, w: 1}
  m_LocalPosition: {x: -0.000000013411045, y: 0.24318321, z: 0.000000004172325}
  m_LocalScale: {x: 1, y: 1, z: 1}
  m_Children: []
  m_Father: {fileID: 955095992}
  m_RootOrder: 0
  m_LocalEulerAnglesHint: {x: 0, y: 0, z: 0}
--- !u!1 &866953057
GameObject:
  m_ObjectHideFlags: 0
  m_PrefabParentObject: {fileID: 0}
  m_PrefabInternal: {fileID: 0}
  serializedVersion: 5
  m_Component:
  - component: {fileID: 866953061}
  - component: {fileID: 866953060}
  - component: {fileID: 866953059}
  - component: {fileID: 866953058}
  m_Layer: 0
  m_Name: Plane
  m_TagString: Untagged
  m_Icon: {fileID: 0}
  m_NavMeshLayer: 0
  m_StaticEditorFlags: 4294967295
  m_IsActive: 1
--- !u!23 &866953058
MeshRenderer:
  m_ObjectHideFlags: 0
  m_PrefabParentObject: {fileID: 0}
  m_PrefabInternal: {fileID: 0}
  m_GameObject: {fileID: 866953057}
  m_Enabled: 1
  m_CastShadows: 1
  m_ReceiveShadows: 1
  m_DynamicOccludee: 1
  m_MotionVectors: 1
  m_LightProbeUsage: 1
  m_ReflectionProbeUsage: 1
  m_Materials:
  - {fileID: 10303, guid: 0000000000000000f000000000000000, type: 0}
  m_StaticBatchInfo:
    firstSubMesh: 0
    subMeshCount: 0
  m_StaticBatchRoot: {fileID: 0}
  m_ProbeAnchor: {fileID: 0}
  m_LightProbeVolumeOverride: {fileID: 0}
  m_ScaleInLightmap: 1
  m_PreserveUVs: 1
  m_IgnoreNormalsForChartDetection: 0
  m_ImportantGI: 0
  m_StitchLightmapSeams: 0
  m_SelectedEditorRenderState: 3
  m_MinimumChartSize: 4
  m_AutoUVMaxDistance: 0.5
  m_AutoUVMaxAngle: 89
  m_LightmapParameters: {fileID: 0}
  m_SortingLayerID: 0
  m_SortingLayer: 0
  m_SortingOrder: 0
--- !u!64 &866953059
MeshCollider:
  m_ObjectHideFlags: 0
  m_PrefabParentObject: {fileID: 0}
  m_PrefabInternal: {fileID: 0}
  m_GameObject: {fileID: 866953057}
  m_Material: {fileID: 0}
  m_IsTrigger: 0
  m_Enabled: 1
  serializedVersion: 3
  m_Convex: 0
  m_CookingOptions: 14
  m_SkinWidth: 0.01
  m_Mesh: {fileID: 10209, guid: 0000000000000000e000000000000000, type: 0}
--- !u!33 &866953060
MeshFilter:
  m_ObjectHideFlags: 0
  m_PrefabParentObject: {fileID: 0}
  m_PrefabInternal: {fileID: 0}
  m_GameObject: {fileID: 866953057}
  m_Mesh: {fileID: 10209, guid: 0000000000000000e000000000000000, type: 0}
--- !u!4 &866953061
Transform:
  m_ObjectHideFlags: 0
  m_PrefabParentObject: {fileID: 0}
  m_PrefabInternal: {fileID: 0}
  m_GameObject: {fileID: 866953057}
  m_LocalRotation: {x: 0, y: 0, z: 0, w: 1}
  m_LocalPosition: {x: 0, y: 0, z: 0}
  m_LocalScale: {x: 10, y: 10, z: 10}
  m_Children: []
  m_Father: {fileID: 0}
  m_RootOrder: 2
  m_LocalEulerAnglesHint: {x: 0, y: 0, z: 0}
--- !u!1 &939504464
GameObject:
  m_ObjectHideFlags: 0
  m_PrefabParentObject: {fileID: 139580, guid: 9382e5891f289ff45b6537898acae783, type: 2}
  m_PrefabInternal: {fileID: 764104176}
  serializedVersion: 5
  m_Component:
  - component: {fileID: 939504465}
  m_Layer: 0
  m_Name: LeftShoulder_Dummy
  m_TagString: Untagged
  m_Icon: {fileID: 0}
  m_NavMeshLayer: 0
  m_StaticEditorFlags: 0
  m_IsActive: 1
--- !u!4 &939504465
Transform:
  m_ObjectHideFlags: 0
  m_PrefabParentObject: {fileID: 405424, guid: 9382e5891f289ff45b6537898acae783, type: 2}
  m_PrefabInternal: {fileID: 764104176}
  m_GameObject: {fileID: 939504464}
  m_LocalRotation: {x: 0.19950907, y: -0.016641904, z: 0.68999445, w: 0.6955766}
  m_LocalPosition: {x: -0, y: 0.13500217, z: 0.00000012218952}
  m_LocalScale: {x: 1, y: 1, z: 1}
  m_Children:
  - {fileID: 1835470006}
  m_Father: {fileID: 1571958541}
  m_RootOrder: 1
  m_LocalEulerAnglesHint: {x: 0, y: 0, z: 0}
--- !u!1 &955095991
GameObject:
  m_ObjectHideFlags: 0
  m_PrefabParentObject: {fileID: 199706, guid: 9382e5891f289ff45b6537898acae783, type: 2}
  m_PrefabInternal: {fileID: 764104176}
  serializedVersion: 5
  m_Component:
  - component: {fileID: 955095992}
  m_Layer: 0
  m_Name: bone132
  m_TagString: Untagged
  m_Icon: {fileID: 0}
  m_NavMeshLayer: 0
  m_StaticEditorFlags: 0
  m_IsActive: 1
--- !u!4 &955095992
Transform:
  m_ObjectHideFlags: 0
  m_PrefabParentObject: {fileID: 464042, guid: 9382e5891f289ff45b6537898acae783, type: 2}
  m_PrefabInternal: {fileID: 764104176}
  m_GameObject: {fileID: 955095991}
  m_LocalRotation: {x: 0.014611883, y: 0.9723291, z: -0.1882257, w: -0.13760038}
  m_LocalPosition: {x: -0, y: 0.25729445, z: 0.000000009536743}
  m_LocalScale: {x: 1, y: 1, z: 1}
  m_Children:
  - {fileID: 780880997}
  m_Father: {fileID: 2113234635}
  m_RootOrder: 0
  m_LocalEulerAnglesHint: {x: 0, y: 0, z: 0}
--- !u!1 &959770022
GameObject:
  m_ObjectHideFlags: 0
  m_PrefabParentObject: {fileID: 0}
  m_PrefabInternal: {fileID: 0}
  serializedVersion: 5
  m_Component:
  - component: {fileID: 959770024}
  - component: {fileID: 959770023}
  m_Layer: 0
  m_Name: Directional Light
  m_TagString: Untagged
  m_Icon: {fileID: 0}
  m_NavMeshLayer: 0
  m_StaticEditorFlags: 0
  m_IsActive: 1
--- !u!108 &959770023
Light:
  m_ObjectHideFlags: 0
  m_PrefabParentObject: {fileID: 0}
  m_PrefabInternal: {fileID: 0}
  m_GameObject: {fileID: 959770022}
  m_Enabled: 1
  serializedVersion: 8
  m_Type: 1
  m_Color: {r: 1, g: 0.95686275, b: 0.8392157, a: 1}
  m_Intensity: 1
  m_Range: 10
  m_SpotAngle: 30
  m_CookieSize: 10
  m_Shadows:
    m_Type: 2
    m_Resolution: -1
    m_CustomResolution: -1
    m_Strength: 1
    m_Bias: 0.05
    m_NormalBias: 0.4
    m_NearPlane: 0.2
  m_Cookie: {fileID: 0}
  m_DrawHalo: 0
  m_Flare: {fileID: 0}
  m_RenderMode: 0
  m_CullingMask:
    serializedVersion: 2
    m_Bits: 4294967295
  m_Lightmapping: 4
  m_AreaSize: {x: 1, y: 1}
  m_BounceIntensity: 1
  m_ColorTemperature: 6570
  m_UseColorTemperature: 0
  m_ShadowRadius: 0
  m_ShadowAngle: 0
--- !u!4 &959770024
Transform:
  m_ObjectHideFlags: 0
  m_PrefabParentObject: {fileID: 0}
  m_PrefabInternal: {fileID: 0}
  m_GameObject: {fileID: 959770022}
  m_LocalRotation: {x: 0.40821794, y: -0.23456973, z: 0.109381676, w: 0.87542605}
  m_LocalPosition: {x: 0, y: 3, z: 0}
  m_LocalScale: {x: 1, y: 1, z: 1}
  m_Children: []
  m_Father: {fileID: 0}
  m_RootOrder: 1
  m_LocalEulerAnglesHint: {x: 0, y: 0, z: 0}
--- !u!1 &1027978539
GameObject:
  m_ObjectHideFlags: 0
  m_PrefabParentObject: {fileID: 123516, guid: 9382e5891f289ff45b6537898acae783, type: 2}
  m_PrefabInternal: {fileID: 764104176}
  serializedVersion: 5
  m_Component:
  - component: {fileID: 1027978540}
  m_Layer: 0
  m_Name: Mouth_Dummy
  m_TagString: Untagged
  m_Icon: {fileID: 0}
  m_NavMeshLayer: 0
  m_StaticEditorFlags: 0
  m_IsActive: 1
--- !u!4 &1027978540
Transform:
  m_ObjectHideFlags: 0
  m_PrefabParentObject: {fileID: 431112, guid: 9382e5891f289ff45b6537898acae783, type: 2}
  m_PrefabInternal: {fileID: 764104176}
  m_GameObject: {fileID: 1027978539}
  m_LocalRotation: {x: 0.97990555, y: 0, z: -0, w: 0.19946212}
  m_LocalPosition: {x: -0, y: 0.3288863, z: -0.000000035762785}
  m_LocalScale: {x: 1, y: 1, z: 1}
  m_Children:
  - {fileID: 596730309}
  m_Father: {fileID: 1869365328}
  m_RootOrder: 3
  m_LocalEulerAnglesHint: {x: 0, y: 0, z: 0}
--- !u!1 &1060939922
GameObject:
  m_ObjectHideFlags: 0
  m_PrefabParentObject: {fileID: 162908, guid: 9382e5891f289ff45b6537898acae783, type: 2}
  m_PrefabInternal: {fileID: 764104176}
  serializedVersion: 5
  m_Component:
  - component: {fileID: 1060939923}
  m_Layer: 0
  m_Name: Hips
  m_TagString: Untagged
  m_Icon: {fileID: 0}
  m_NavMeshLayer: 0
  m_StaticEditorFlags: 0
  m_IsActive: 1
--- !u!4 &1060939923
Transform:
  m_ObjectHideFlags: 0
  m_PrefabParentObject: {fileID: 454972, guid: 9382e5891f289ff45b6537898acae783, type: 2}
  m_PrefabInternal: {fileID: 764104176}
  m_GameObject: {fileID: 1060939922}
  m_LocalRotation: {x: 0.13759191, y: 0, z: 0, w: 0.990489}
  m_LocalPosition: {x: 0, y: 0.4127541, z: -0.026164465}
  m_LocalScale: {x: 1, y: 1, z: 1}
  m_Children:
  - {fileID: 1668655283}
  - {fileID: 2015152986}
  - {fileID: 458566652}
  m_Father: {fileID: 169626739}
  m_RootOrder: 6
  m_LocalEulerAnglesHint: {x: 0, y: 0, z: 0}
--- !u!1 &1071985328
GameObject:
  m_ObjectHideFlags: 0
  m_PrefabParentObject: {fileID: 118622, guid: 9382e5891f289ff45b6537898acae783, type: 2}
  m_PrefabInternal: {fileID: 764104176}
  serializedVersion: 5
  m_Component:
  - component: {fileID: 1071985329}
  m_Layer: 0
  m_Name: LeftEye
  m_TagString: Untagged
  m_Icon: {fileID: 0}
  m_NavMeshLayer: 0
  m_StaticEditorFlags: 0
  m_IsActive: 1
--- !u!4 &1071985329
Transform:
  m_ObjectHideFlags: 0
  m_PrefabParentObject: {fileID: 428106, guid: 9382e5891f289ff45b6537898acae783, type: 2}
  m_PrefabInternal: {fileID: 764104176}
  m_GameObject: {fileID: 1071985328}
  m_LocalRotation: {x: -0.32622865, y: -0.48894072, z: -0.40950668, w: 0.6977221}
  m_LocalPosition: {x: -0.000000009536743, y: 0.26282355, z: 0.000000016093253}
  m_LocalScale: {x: 1, y: 1, z: 1}
  m_Children:
  - {fileID: 1780332740}
  m_Father: {fileID: 1332608697}
  m_RootOrder: 0
  m_LocalEulerAnglesHint: {x: 0, y: 0, z: 0}
--- !u!1 &1219184410
GameObject:
  m_ObjectHideFlags: 0
  m_PrefabParentObject: {fileID: 136070, guid: 9382e5891f289ff45b6537898acae783, type: 2}
  m_PrefabInternal: {fileID: 764104176}
  serializedVersion: 5
  m_Component:
  - component: {fileID: 1219184411}
  m_Layer: 0
  m_Name: RightFoot
  m_TagString: Untagged
  m_Icon: {fileID: 0}
  m_NavMeshLayer: 0
  m_StaticEditorFlags: 0
  m_IsActive: 1
--- !u!4 &1219184411
Transform:
  m_ObjectHideFlags: 0
  m_PrefabParentObject: {fileID: 437488, guid: 9382e5891f289ff45b6537898acae783, type: 2}
  m_PrefabInternal: {fileID: 764104176}
  m_GameObject: {fileID: 1219184410}
  m_LocalRotation: {x: -0.45257425, y: -0.5408951, z: -0.34705043, w: 0.618195}
  m_LocalPosition: {x: 0.000000034570693, y: 0.16728961, z: -0.000000038594006}
  m_LocalScale: {x: 1, y: 1, z: 1}
  m_Children:
  - {fileID: 78500557}
  m_Father: {fileID: 2048112392}
  m_RootOrder: 0
  m_LocalEulerAnglesHint: {x: 0, y: 0, z: 0}
--- !u!1 &1228876622
GameObject:
  m_ObjectHideFlags: 0
  m_PrefabParentObject: {fileID: 158580, guid: 9382e5891f289ff45b6537898acae783, type: 2}
  m_PrefabInternal: {fileID: 764104176}
  serializedVersion: 5
  m_Component:
  - component: {fileID: 1228876623}
  m_Layer: 0
  m_Name: LeftLowerArm
  m_TagString: Untagged
  m_Icon: {fileID: 0}
  m_NavMeshLayer: 0
  m_StaticEditorFlags: 0
  m_IsActive: 1
--- !u!4 &1228876623
Transform:
  m_ObjectHideFlags: 0
  m_PrefabParentObject: {fileID: 478802, guid: 9382e5891f289ff45b6537898acae783, type: 2}
  m_PrefabInternal: {fileID: 764104176}
  m_GameObject: {fileID: 1228876622}
  m_LocalRotation: {x: 0.05598529, y: -0.066112116, z: -0.048951525, w: 0.995037}
  m_LocalPosition: {x: 0.000000008642673, y: 0.17270407, z: 5.9604643e-10}
  m_LocalScale: {x: 1, y: 1, z: 1}
  m_Children:
  - {fileID: 366601074}
  m_Father: {fileID: 1880545008}
  m_RootOrder: 0
  m_LocalEulerAnglesHint: {x: 0, y: 0, z: 0}
--- !u!1 &1258740504
GameObject:
  m_ObjectHideFlags: 0
  m_PrefabParentObject: {fileID: 110832, guid: 9382e5891f289ff45b6537898acae783, type: 2}
  m_PrefabInternal: {fileID: 764104176}
  serializedVersion: 5
  m_Component:
  - component: {fileID: 1258740505}
  m_Layer: 0
  m_Name: Mouth_end
  m_TagString: Untagged
  m_Icon: {fileID: 0}
  m_NavMeshLayer: 0
  m_StaticEditorFlags: 0
  m_IsActive: 1
--- !u!4 &1258740505
Transform:
  m_ObjectHideFlags: 0
  m_PrefabParentObject: {fileID: 469652, guid: 9382e5891f289ff45b6537898acae783, type: 2}
  m_PrefabInternal: {fileID: 764104176}
  m_GameObject: {fileID: 1258740504}
  m_LocalRotation: {x: 0, y: 0, z: 0, w: 1}
  m_LocalPosition: {x: -0, y: 0.026546806, z: 0}
  m_LocalScale: {x: 1, y: 1, z: 1}
  m_Children: []
  m_Father: {fileID: 596730309}
  m_RootOrder: 0
  m_LocalEulerAnglesHint: {x: 0, y: 0, z: 0}
--- !u!1 &1297869337
GameObject:
  m_ObjectHideFlags: 0
  m_PrefabParentObject: {fileID: 152542, guid: 9382e5891f289ff45b6537898acae783, type: 2}
  m_PrefabInternal: {fileID: 764104176}
  serializedVersion: 5
  m_Component:
  - component: {fileID: 1297869338}
  m_Layer: 0
  m_Name: bone129
  m_TagString: Untagged
  m_Icon: {fileID: 0}
  m_NavMeshLayer: 0
  m_StaticEditorFlags: 0
  m_IsActive: 1
--- !u!4 &1297869338
Transform:
  m_ObjectHideFlags: 0
  m_PrefabParentObject: {fileID: 454962, guid: 9382e5891f289ff45b6537898acae783, type: 2}
  m_PrefabInternal: {fileID: 764104176}
  m_GameObject: {fileID: 1297869337}
  m_LocalRotation: {x: -0.4855427, y: -0.021064978, z: -0.6556054, w: 0.5779154}
  m_LocalPosition: {x: -0, y: 0.3288863, z: -0.000000035762785}
  m_LocalScale: {x: 1, y: 1, z: 1}
  m_Children:
  - {fileID: 1561194454}
  m_Father: {fileID: 1869365328}
  m_RootOrder: 1
  m_LocalEulerAnglesHint: {x: 0, y: 0, z: 0}
--- !u!1 &1332608696
GameObject:
  m_ObjectHideFlags: 0
  m_PrefabParentObject: {fileID: 140094, guid: 9382e5891f289ff45b6537898acae783, type: 2}
  m_PrefabInternal: {fileID: 764104176}
  serializedVersion: 5
  m_Component:
  - component: {fileID: 1332608697}
  m_Layer: 0
  m_Name: LeftEye_Dummy
  m_TagString: Untagged
  m_Icon: {fileID: 0}
  m_NavMeshLayer: 0
  m_StaticEditorFlags: 0
  m_IsActive: 1
--- !u!4 &1332608697
Transform:
  m_ObjectHideFlags: 0
  m_PrefabParentObject: {fileID: 437166, guid: 9382e5891f289ff45b6537898acae783, type: 2}
  m_PrefabInternal: {fileID: 764104176}
  m_GameObject: {fileID: 1332608696}
  m_LocalRotation: {x: 0.73426145, y: 0.020686112, z: 0.643814, w: 0.21432623}
  m_LocalPosition: {x: -0, y: 0.3288863, z: -0.000000035762785}
  m_LocalScale: {x: 1, y: 1, z: 1}
  m_Children:
  - {fileID: 1071985329}
  m_Father: {fileID: 1869365328}
  m_RootOrder: 2
  m_LocalEulerAnglesHint: {x: 0, y: 0, z: 0}
--- !u!1 &1366982386
GameObject:
  m_ObjectHideFlags: 0
  m_PrefabParentObject: {fileID: 120580, guid: 9382e5891f289ff45b6537898acae783, type: 2}
  m_PrefabInternal: {fileID: 764104176}
  serializedVersion: 5
  m_Component:
  - component: {fileID: 1366982387}
  m_Layer: 0
  m_Name: RightToeBase_end
  m_TagString: Untagged
  m_Icon: {fileID: 0}
  m_NavMeshLayer: 0
  m_StaticEditorFlags: 0
  m_IsActive: 1
--- !u!4 &1366982387
Transform:
  m_ObjectHideFlags: 0
  m_PrefabParentObject: {fileID: 465154, guid: 9382e5891f289ff45b6537898acae783, type: 2}
  m_PrefabInternal: {fileID: 764104176}
  m_GameObject: {fileID: 1366982386}
  m_LocalRotation: {x: 0, y: 0, z: 0, w: 1}
  m_LocalPosition: {x: -0, y: 0.022136223, z: -2.9802322e-10}
  m_LocalScale: {x: 1, y: 1, z: 1}
  m_Children: []
  m_Father: {fileID: 78500557}
  m_RootOrder: 0
  m_LocalEulerAnglesHint: {x: 0, y: 0, z: 0}
--- !u!1 &1474628957
GameObject:
  m_ObjectHideFlags: 0
  m_PrefabParentObject: {fileID: 127360, guid: 9382e5891f289ff45b6537898acae783, type: 2}
  m_PrefabInternal: {fileID: 764104176}
  serializedVersion: 5
  m_Component:
  - component: {fileID: 1474628959}
  - component: {fileID: 1474628958}
  m_Layer: 0
  m_Name: eye_normalR
  m_TagString: Untagged
  m_Icon: {fileID: 0}
  m_NavMeshLayer: 0
  m_StaticEditorFlags: 0
  m_IsActive: 1
--- !u!137 &1474628958
SkinnedMeshRenderer:
  m_ObjectHideFlags: 0
  m_PrefabParentObject: {fileID: 13737034, guid: 9382e5891f289ff45b6537898acae783,
    type: 2}
  m_PrefabInternal: {fileID: 764104176}
  m_GameObject: {fileID: 1474628957}
  m_Enabled: 1
  m_CastShadows: 1
  m_ReceiveShadows: 1
  m_DynamicOccludee: 1
  m_MotionVectors: 1
  m_LightProbeUsage: 1
  m_ReflectionProbeUsage: 1
  m_Materials:
  - {fileID: 2100000, guid: 714a87bcbd6ee83458c9493eb49b9bc4, type: 2}
  m_StaticBatchInfo:
    firstSubMesh: 0
    subMeshCount: 0
  m_StaticBatchRoot: {fileID: 0}
  m_ProbeAnchor: {fileID: 0}
  m_LightProbeVolumeOverride: {fileID: 0}
  m_ScaleInLightmap: 1
  m_PreserveUVs: 0
  m_IgnoreNormalsForChartDetection: 0
  m_ImportantGI: 0
  m_StitchLightmapSeams: 0
  m_SelectedEditorRenderState: 3
  m_MinimumChartSize: 4
  m_AutoUVMaxDistance: 0.5
  m_AutoUVMaxAngle: 89
  m_LightmapParameters: {fileID: 0}
  m_SortingLayerID: 0
  m_SortingLayer: 0
  m_SortingOrder: 0
  serializedVersion: 2
  m_Quality: 0
  m_UpdateWhenOffscreen: 0
  m_SkinnedMotionVectors: 1
  m_Mesh: {fileID: 4300006, guid: 44dd2548ae7edad4996905342a9eb7a2, type: 3}
  m_Bones:
  - {fileID: 1060939923}
  - {fileID: 124434507}
  - {fileID: 17100986}
  - {fileID: 2035824348}
  - {fileID: 1736470386}
  - {fileID: 315444517}
  - {fileID: 2048112392}
  - {fileID: 1219184411}
  - {fileID: 78500557}
  - {fileID: 458566652}
  - {fileID: 1571958541}
  - {fileID: 1835470006}
  - {fileID: 1880545008}
  - {fileID: 1228876623}
  - {fileID: 1795528041}
  - {fileID: 305774693}
  - {fileID: 619403553}
  - {fileID: 2132664426}
  - {fileID: 1563257137}
  - {fileID: 1869365328}
  - {fileID: 2113234635}
  - {fileID: 1561194454}
  - {fileID: 955095992}
  - {fileID: 693576238}
  - {fileID: 1071985329}
  - {fileID: 1742351559}
  - {fileID: 596730309}
  m_BlendShapeWeights: []
  m_RootBone: {fileID: 1060939923}
  m_AABB:
    m_Center: {x: 0.06565668, y: 0.40911657, z: 0.066431716}
    m_Extent: {x: 0.02822405, y: 0.03393513, z: 0.019781755}
  m_DirtyAABB: 0
--- !u!4 &1474628959
Transform:
  m_ObjectHideFlags: 0
  m_PrefabParentObject: {fileID: 427264, guid: 9382e5891f289ff45b6537898acae783, type: 2}
  m_PrefabInternal: {fileID: 764104176}
  m_GameObject: {fileID: 1474628957}
  m_LocalRotation: {x: 0, y: 0, z: 0, w: 1}
  m_LocalPosition: {x: 0, y: 0, z: 0}
  m_LocalScale: {x: 1, y: 1, z: 1}
  m_Children: []
  m_Father: {fileID: 169626739}
  m_RootOrder: 3
  m_LocalEulerAnglesHint: {x: 0, y: 0, z: 0}
--- !u!1 &1561194453
GameObject:
  m_ObjectHideFlags: 0
  m_PrefabParentObject: {fileID: 153118, guid: 9382e5891f289ff45b6537898acae783, type: 2}
  m_PrefabInternal: {fileID: 764104176}
  serializedVersion: 5
  m_Component:
  - component: {fileID: 1561194454}
  m_Layer: 0
  m_Name: bone131
  m_TagString: Untagged
  m_Icon: {fileID: 0}
  m_NavMeshLayer: 0
  m_StaticEditorFlags: 0
  m_IsActive: 1
--- !u!4 &1561194454
Transform:
  m_ObjectHideFlags: 0
  m_PrefabParentObject: {fileID: 416778, guid: 9382e5891f289ff45b6537898acae783, type: 2}
  m_PrefabInternal: {fileID: 764104176}
  m_GameObject: {fileID: 1561194453}
  m_LocalRotation: {x: -0.45474315, y: -0.40033254, z: -0.13027711, w: 0.78483784}
  m_LocalPosition: {x: 0.000000014305114, y: 0.20564763, z: 0.0000000047683715}
  m_LocalScale: {x: 1, y: 1, z: 1}
  m_Children:
  - {fileID: 693576238}
  m_Father: {fileID: 1297869338}
  m_RootOrder: 0
  m_LocalEulerAnglesHint: {x: 0, y: 0, z: 0}
--- !u!1 &1563257136
GameObject:
  m_ObjectHideFlags: 0
  m_PrefabParentObject: {fileID: 160530, guid: 9382e5891f289ff45b6537898acae783, type: 2}
  m_PrefabInternal: {fileID: 764104176}
  serializedVersion: 5
  m_Component:
  - component: {fileID: 1563257137}
  m_Layer: 0
  m_Name: Neck
  m_TagString: Untagged
  m_Icon: {fileID: 0}
  m_NavMeshLayer: 0
  m_StaticEditorFlags: 0
  m_IsActive: 1
--- !u!4 &1563257137
Transform:
  m_ObjectHideFlags: 0
  m_PrefabParentObject: {fileID: 465772, guid: 9382e5891f289ff45b6537898acae783, type: 2}
  m_PrefabInternal: {fileID: 764104176}
  m_GameObject: {fileID: 1563257136}
  m_LocalRotation: {x: -0.14108913, y: 0, z: -0, w: 0.9899969}
  m_LocalPosition: {x: -0, y: 0.025114419, z: 0.0000000035762786}
  m_LocalScale: {x: 1, y: 1, z: 1}
  m_Children:
  - {fileID: 1869365328}
  m_Father: {fileID: 2132664426}
  m_RootOrder: 0
  m_LocalEulerAnglesHint: {x: 0, y: 0, z: 0}
--- !u!1 &1571958540
GameObject:
  m_ObjectHideFlags: 0
  m_PrefabParentObject: {fileID: 174278, guid: 9382e5891f289ff45b6537898acae783, type: 2}
  m_PrefabInternal: {fileID: 764104176}
  serializedVersion: 5
  m_Component:
  - component: {fileID: 1571958541}
  m_Layer: 0
  m_Name: Chest
  m_TagString: Untagged
  m_Icon: {fileID: 0}
  m_NavMeshLayer: 0
  m_StaticEditorFlags: 0
  m_IsActive: 1
--- !u!4 &1571958541
Transform:
  m_ObjectHideFlags: 0
  m_PrefabParentObject: {fileID: 446324, guid: 9382e5891f289ff45b6537898acae783, type: 2}
  m_PrefabInternal: {fileID: 764104176}
  m_GameObject: {fileID: 1571958540}
  m_LocalRotation: {x: -0.13708062, y: 0, z: -0, w: 0.99055994}
  m_LocalPosition: {x: -0, y: 0.051214494, z: 0.0000000011920929}
  m_LocalScale: {x: 1, y: 1, z: 1}
  m_Children:
  - {fileID: 2132664426}
  - {fileID: 939504465}
  - {fileID: 37188835}
  m_Father: {fileID: 458566652}
  m_RootOrder: 0
  m_LocalEulerAnglesHint: {x: 0, y: 0, z: 0}
--- !u!1 &1597839130
GameObject:
  m_ObjectHideFlags: 0
  m_PrefabParentObject: {fileID: 182654, guid: 9382e5891f289ff45b6537898acae783, type: 2}
  m_PrefabInternal: {fileID: 764104176}
  serializedVersion: 5
  m_Component:
  - component: {fileID: 1597839132}
  - component: {fileID: 1597839131}
  m_Layer: 0
  m_Name: eye_blink
  m_TagString: Untagged
  m_Icon: {fileID: 0}
  m_NavMeshLayer: 0
  m_StaticEditorFlags: 0
  m_IsActive: 0
--- !u!137 &1597839131
SkinnedMeshRenderer:
  m_ObjectHideFlags: 0
  m_PrefabParentObject: {fileID: 13758794, guid: 9382e5891f289ff45b6537898acae783,
    type: 2}
  m_PrefabInternal: {fileID: 764104176}
  m_GameObject: {fileID: 1597839130}
  m_Enabled: 1
  m_CastShadows: 1
  m_ReceiveShadows: 1
  m_DynamicOccludee: 1
  m_MotionVectors: 1
  m_LightProbeUsage: 1
  m_ReflectionProbeUsage: 1
  m_Materials:
  - {fileID: 2100000, guid: 714a87bcbd6ee83458c9493eb49b9bc4, type: 2}
  m_StaticBatchInfo:
    firstSubMesh: 0
    subMeshCount: 0
  m_StaticBatchRoot: {fileID: 0}
  m_ProbeAnchor: {fileID: 0}
  m_LightProbeVolumeOverride: {fileID: 0}
  m_ScaleInLightmap: 1
  m_PreserveUVs: 0
  m_IgnoreNormalsForChartDetection: 0
  m_ImportantGI: 0
  m_StitchLightmapSeams: 0
  m_SelectedEditorRenderState: 3
  m_MinimumChartSize: 4
  m_AutoUVMaxDistance: 0.5
  m_AutoUVMaxAngle: 89
  m_LightmapParameters: {fileID: 0}
  m_SortingLayerID: 0
  m_SortingLayer: 0
  m_SortingOrder: 0
  serializedVersion: 2
  m_Quality: 0
  m_UpdateWhenOffscreen: 0
  m_SkinnedMotionVectors: 1
  m_Mesh: {fileID: 4300002, guid: 44dd2548ae7edad4996905342a9eb7a2, type: 3}
  m_Bones:
  - {fileID: 1060939923}
  - {fileID: 124434507}
  - {fileID: 17100986}
  - {fileID: 2035824348}
  - {fileID: 1736470386}
  - {fileID: 315444517}
  - {fileID: 2048112392}
  - {fileID: 1219184411}
  - {fileID: 78500557}
  - {fileID: 458566652}
  - {fileID: 1571958541}
  - {fileID: 1835470006}
  - {fileID: 1880545008}
  - {fileID: 1228876623}
  - {fileID: 1795528041}
  - {fileID: 305774693}
  - {fileID: 619403553}
  - {fileID: 2132664426}
  - {fileID: 1563257137}
  - {fileID: 1869365328}
  - {fileID: 2113234635}
  - {fileID: 1561194454}
  - {fileID: 955095992}
  - {fileID: 693576238}
  - {fileID: 1071985329}
  - {fileID: 1742351559}
  - {fileID: 596730309}
  m_BlendShapeWeights: []
  m_RootBone: {fileID: 1060939923}
  m_AABB:
    m_Center: {x: 0, y: 0.39778185, z: 0.06393192}
    m_Extent: {x: 0.10114649, y: 0.018741041, z: 0.018935904}
  m_DirtyAABB: 0
--- !u!4 &1597839132
Transform:
  m_ObjectHideFlags: 0
  m_PrefabParentObject: {fileID: 437672, guid: 9382e5891f289ff45b6537898acae783, type: 2}
  m_PrefabInternal: {fileID: 764104176}
  m_GameObject: {fileID: 1597839130}
  m_LocalRotation: {x: 0, y: 0, z: 0, w: 1}
  m_LocalPosition: {x: 0, y: 0, z: 0}
  m_LocalScale: {x: 1, y: 1, z: 1}
  m_Children: []
  m_Father: {fileID: 169626739}
  m_RootOrder: 1
  m_LocalEulerAnglesHint: {x: 0, y: 0, z: 0}
--- !u!1 &1629515741
GameObject:
  m_ObjectHideFlags: 0
  m_PrefabParentObject: {fileID: 139058, guid: 9382e5891f289ff45b6537898acae783, type: 2}
  m_PrefabInternal: {fileID: 764104176}
  serializedVersion: 5
  m_Component:
  - component: {fileID: 1629515742}
  - component: {fileID: 1629515743}
  m_Layer: 0
  m_Name: body
  m_TagString: Untagged
  m_Icon: {fileID: 0}
  m_NavMeshLayer: 0
  m_StaticEditorFlags: 0
  m_IsActive: 1
--- !u!4 &1629515742
Transform:
  m_ObjectHideFlags: 0
  m_PrefabParentObject: {fileID: 488396, guid: 9382e5891f289ff45b6537898acae783, type: 2}
  m_PrefabInternal: {fileID: 764104176}
  m_GameObject: {fileID: 1629515741}
  m_LocalRotation: {x: 0, y: 0, z: 0, w: 1}
  m_LocalPosition: {x: 0, y: 0, z: 0}
  m_LocalScale: {x: 1, y: 1, z: 1}
  m_Children: []
  m_Father: {fileID: 169626739}
  m_RootOrder: 0
  m_LocalEulerAnglesHint: {x: 0, y: 0, z: 0}
--- !u!137 &1629515743
SkinnedMeshRenderer:
  m_ObjectHideFlags: 0
  m_PrefabParentObject: {fileID: 13708600, guid: 9382e5891f289ff45b6537898acae783,
    type: 2}
  m_PrefabInternal: {fileID: 764104176}
  m_GameObject: {fileID: 1629515741}
  m_Enabled: 1
  m_CastShadows: 1
  m_ReceiveShadows: 1
  m_DynamicOccludee: 1
  m_MotionVectors: 1
  m_LightProbeUsage: 1
  m_ReflectionProbeUsage: 1
  m_Materials:
  - {fileID: 2100000, guid: 714a87bcbd6ee83458c9493eb49b9bc4, type: 2}
  m_StaticBatchInfo:
    firstSubMesh: 0
    subMeshCount: 0
  m_StaticBatchRoot: {fileID: 0}
  m_ProbeAnchor: {fileID: 0}
  m_LightProbeVolumeOverride: {fileID: 0}
  m_ScaleInLightmap: 1
  m_PreserveUVs: 0
  m_IgnoreNormalsForChartDetection: 0
  m_ImportantGI: 0
  m_StitchLightmapSeams: 0
  m_SelectedEditorRenderState: 3
  m_MinimumChartSize: 4
  m_AutoUVMaxDistance: 0.5
  m_AutoUVMaxAngle: 89
  m_LightmapParameters: {fileID: 0}
  m_SortingLayerID: 0
  m_SortingLayer: 0
  m_SortingOrder: 0
  serializedVersion: 2
  m_Quality: 0
  m_UpdateWhenOffscreen: 0
  m_SkinnedMotionVectors: 1
  m_Mesh: {fileID: 4300000, guid: 44dd2548ae7edad4996905342a9eb7a2, type: 3}
  m_Bones:
  - {fileID: 1060939923}
  - {fileID: 124434507}
  - {fileID: 17100986}
  - {fileID: 2035824348}
  - {fileID: 1736470386}
  - {fileID: 315444517}
  - {fileID: 2048112392}
  - {fileID: 1219184411}
  - {fileID: 78500557}
  - {fileID: 458566652}
  - {fileID: 1571958541}
  - {fileID: 1835470006}
  - {fileID: 1880545008}
  - {fileID: 1228876623}
  - {fileID: 1795528041}
  - {fileID: 305774693}
  - {fileID: 619403553}
  - {fileID: 2132664426}
  - {fileID: 1563257137}
  - {fileID: 1869365328}
  - {fileID: 2113234635}
  - {fileID: 1561194454}
  - {fileID: 955095992}
  - {fileID: 693576238}
  - {fileID: 1071985329}
  - {fileID: 1742351559}
  - {fileID: 596730309}
  m_BlendShapeWeights: []
  m_RootBone: {fileID: 1060939923}
  m_AABB:
    m_Center: {x: -0.00074502826, y: 0.120155975, z: -0.03232713}
    m_Extent: {x: 0.43072617, y: 0.52562886, z: 0.37703943}
  m_DirtyAABB: 0
--- !u!1 &1646883464
GameObject:
  m_ObjectHideFlags: 0
  m_PrefabParentObject: {fileID: 163122, guid: 9382e5891f289ff45b6537898acae783, type: 2}
  m_PrefabInternal: {fileID: 764104176}
  serializedVersion: 5
  m_Component:
  - component: {fileID: 1646883466}
  - component: {fileID: 1646883465}
  m_Layer: 0
  m_Name: eye_smileR
  m_TagString: Untagged
  m_Icon: {fileID: 0}
  m_NavMeshLayer: 0
  m_StaticEditorFlags: 0
  m_IsActive: 0
--- !u!137 &1646883465
SkinnedMeshRenderer:
  m_ObjectHideFlags: 0
  m_PrefabParentObject: {fileID: 13792264, guid: 9382e5891f289ff45b6537898acae783,
    type: 2}
  m_PrefabInternal: {fileID: 764104176}
  m_GameObject: {fileID: 1646883464}
  m_Enabled: 1
  m_CastShadows: 1
  m_ReceiveShadows: 1
  m_DynamicOccludee: 1
  m_MotionVectors: 1
  m_LightProbeUsage: 1
  m_ReflectionProbeUsage: 1
  m_Materials:
  - {fileID: 2100000, guid: 714a87bcbd6ee83458c9493eb49b9bc4, type: 2}
  m_StaticBatchInfo:
    firstSubMesh: 0
    subMeshCount: 0
  m_StaticBatchRoot: {fileID: 0}
  m_ProbeAnchor: {fileID: 0}
  m_LightProbeVolumeOverride: {fileID: 0}
  m_ScaleInLightmap: 1
  m_PreserveUVs: 0
  m_IgnoreNormalsForChartDetection: 0
  m_ImportantGI: 0
  m_StitchLightmapSeams: 0
  m_SelectedEditorRenderState: 3
  m_MinimumChartSize: 4
  m_AutoUVMaxDistance: 0.5
  m_AutoUVMaxAngle: 89
  m_LightmapParameters: {fileID: 0}
  m_SortingLayerID: 0
  m_SortingLayer: 0
  m_SortingOrder: 0
  serializedVersion: 2
  m_Quality: 0
  m_UpdateWhenOffscreen: 0
  m_SkinnedMotionVectors: 1
  m_Mesh: {fileID: 4300010, guid: 44dd2548ae7edad4996905342a9eb7a2, type: 3}
  m_Bones:
  - {fileID: 1060939923}
  - {fileID: 124434507}
  - {fileID: 17100986}
  - {fileID: 2035824348}
  - {fileID: 1736470386}
  - {fileID: 315444517}
  - {fileID: 2048112392}
  - {fileID: 1219184411}
  - {fileID: 78500557}
  - {fileID: 458566652}
  - {fileID: 1571958541}
  - {fileID: 1835470006}
  - {fileID: 1880545008}
  - {fileID: 1228876623}
  - {fileID: 1795528041}
  - {fileID: 305774693}
  - {fileID: 619403553}
  - {fileID: 2132664426}
  - {fileID: 1563257137}
  - {fileID: 1869365328}
  - {fileID: 2113234635}
  - {fileID: 1561194454}
  - {fileID: 955095992}
  - {fileID: 693576238}
  - {fileID: 1071985329}
  - {fileID: 1742351559}
  - {fileID: 596730309}
  m_BlendShapeWeights: []
  m_RootBone: {fileID: 1060939923}
  m_AABB:
    m_Center: {x: 0.06331918, y: 0.4007882, z: 0.06785559}
    m_Extent: {x: 0.029252855, y: 0.011498451, z: 0.017776169}
  m_DirtyAABB: 0
--- !u!4 &1646883466
Transform:
  m_ObjectHideFlags: 0
  m_PrefabParentObject: {fileID: 426836, guid: 9382e5891f289ff45b6537898acae783, type: 2}
  m_PrefabInternal: {fileID: 764104176}
  m_GameObject: {fileID: 1646883464}
  m_LocalRotation: {x: 0, y: 0, z: 0, w: 1}
  m_LocalPosition: {x: 0, y: 0, z: 0}
  m_LocalScale: {x: 1, y: 1, z: 1}
  m_Children: []
  m_Father: {fileID: 169626739}
  m_RootOrder: 5
  m_LocalEulerAnglesHint: {x: 0, y: 0, z: 0}
--- !u!1 &1668655282
GameObject:
  m_ObjectHideFlags: 0
  m_PrefabParentObject: {fileID: 179382, guid: 9382e5891f289ff45b6537898acae783, type: 2}
  m_PrefabInternal: {fileID: 764104176}
  serializedVersion: 5
  m_Component:
  - component: {fileID: 1668655283}
  m_Layer: 0
  m_Name: LeftHip_Dummy
  m_TagString: Untagged
  m_Icon: {fileID: 0}
  m_NavMeshLayer: 0
  m_StaticEditorFlags: 0
  m_IsActive: 1
--- !u!4 &1668655283
Transform:
  m_ObjectHideFlags: 0
  m_PrefabParentObject: {fileID: 435004, guid: 9382e5891f289ff45b6537898acae783, type: 2}
  m_PrefabInternal: {fileID: 764104176}
  m_GameObject: {fileID: 1668655282}
  m_LocalRotation: {x: -0.21624748, y: 0.118087515, z: 0.8500818, w: 0.46546033}
  m_LocalPosition: {x: -0, y: 0.041419376, z: -0.0000000035762786}
  m_LocalScale: {x: 1, y: 1, z: 1}
  m_Children:
  - {fileID: 124434507}
  m_Father: {fileID: 1060939923}
  m_RootOrder: 0
  m_LocalEulerAnglesHint: {x: 0, y: 0, z: 0}
--- !u!1 &1736470385
GameObject:
  m_ObjectHideFlags: 0
  m_PrefabParentObject: {fileID: 179758, guid: 9382e5891f289ff45b6537898acae783, type: 2}
  m_PrefabInternal: {fileID: 764104176}
  serializedVersion: 5
  m_Component:
  - component: {fileID: 1736470386}
  m_Layer: 0
  m_Name: LeftToeBase
  m_TagString: Untagged
  m_Icon: {fileID: 0}
  m_NavMeshLayer: 0
  m_StaticEditorFlags: 0
  m_IsActive: 1
--- !u!4 &1736470386
Transform:
  m_ObjectHideFlags: 0
  m_PrefabParentObject: {fileID: 496256, guid: 9382e5891f289ff45b6537898acae783, type: 2}
  m_PrefabInternal: {fileID: 764104176}
  m_GameObject: {fileID: 1736470385}
  m_LocalRotation: {x: -0.15247072, y: 0.006512314, z: 0.0056824256, w: 0.9882702}
  m_LocalPosition: {x: -0, y: 0.037572764, z: 0}
  m_LocalScale: {x: 1, y: 1, z: 1}
  m_Children:
  - {fileID: 5004273}
  m_Father: {fileID: 2035824348}
  m_RootOrder: 0
  m_LocalEulerAnglesHint: {x: 0, y: 0, z: 0}
--- !u!1 &1742351558
GameObject:
  m_ObjectHideFlags: 0
  m_PrefabParentObject: {fileID: 167820, guid: 9382e5891f289ff45b6537898acae783, type: 2}
  m_PrefabInternal: {fileID: 764104176}
  serializedVersion: 5
  m_Component:
  - component: {fileID: 1742351559}
  m_Layer: 0
  m_Name: RightEye
  m_TagString: Untagged
  m_Icon: {fileID: 0}
  m_NavMeshLayer: 0
  m_StaticEditorFlags: 0
  m_IsActive: 1
--- !u!4 &1742351559
Transform:
  m_ObjectHideFlags: 0
  m_PrefabParentObject: {fileID: 458088, guid: 9382e5891f289ff45b6537898acae783, type: 2}
  m_PrefabInternal: {fileID: 764104176}
  m_GameObject: {fileID: 1742351558}
  m_LocalRotation: {x: -0.32622865, y: 0.48894072, z: 0.40950668, w: 0.6977221}
  m_LocalPosition: {x: 0.000000009536743, y: 0.26282355, z: 0.000000016093253}
  m_LocalScale: {x: 1, y: 1, z: 1}
  m_Children:
  - {fileID: 444197515}
  m_Father: {fileID: 168163853}
  m_RootOrder: 0
  m_LocalEulerAnglesHint: {x: 0, y: 0, z: 0}
--- !u!1 &1780332739
GameObject:
  m_ObjectHideFlags: 0
  m_PrefabParentObject: {fileID: 186630, guid: 9382e5891f289ff45b6537898acae783, type: 2}
  m_PrefabInternal: {fileID: 764104176}
  serializedVersion: 5
  m_Component:
  - component: {fileID: 1780332740}
  m_Layer: 0
  m_Name: LeftEye_end
  m_TagString: Untagged
  m_Icon: {fileID: 0}
  m_NavMeshLayer: 0
  m_StaticEditorFlags: 0
  m_IsActive: 1
--- !u!4 &1780332740
Transform:
  m_ObjectHideFlags: 0
  m_PrefabParentObject: {fileID: 441716, guid: 9382e5891f289ff45b6537898acae783, type: 2}
  m_PrefabInternal: {fileID: 764104176}
  m_GameObject: {fileID: 1780332739}
  m_LocalRotation: {x: 0, y: 0, z: 0, w: 1}
  m_LocalPosition: {x: -0, y: 0.046220653, z: 0}
  m_LocalScale: {x: 1, y: 1, z: 1}
  m_Children: []
  m_Father: {fileID: 1071985329}
  m_RootOrder: 0
  m_LocalEulerAnglesHint: {x: 0, y: 0, z: 0}
--- !u!1 &1795528040
GameObject:
  m_ObjectHideFlags: 0
  m_PrefabParentObject: {fileID: 154690, guid: 9382e5891f289ff45b6537898acae783, type: 2}
  m_PrefabInternal: {fileID: 764104176}
  serializedVersion: 5
  m_Component:
  - component: {fileID: 1795528041}
  m_Layer: 0
  m_Name: RightShoulder
  m_TagString: Untagged
  m_Icon: {fileID: 0}
  m_NavMeshLayer: 0
  m_StaticEditorFlags: 0
  m_IsActive: 1
--- !u!4 &1795528041
Transform:
  m_ObjectHideFlags: 0
  m_PrefabParentObject: {fileID: 456368, guid: 9382e5891f289ff45b6537898acae783, type: 2}
  m_PrefabInternal: {fileID: 764104176}
  m_GameObject: {fileID: 1795528040}
  m_LocalRotation: {x: -0.20309497, y: -0.24357463, z: -0.1662591, w: 0.9336925}
  m_LocalPosition: {x: 0.0000000017881393, y: 0.052301314, z: 0}
  m_LocalScale: {x: 1, y: 1, z: 1}
  m_Children:
  - {fileID: 305774693}
  m_Father: {fileID: 37188835}
  m_RootOrder: 0
  m_LocalEulerAnglesHint: {x: 0, y: 0, z: 0}
--- !u!1 &1835470005
GameObject:
  m_ObjectHideFlags: 0
  m_PrefabParentObject: {fileID: 168034, guid: 9382e5891f289ff45b6537898acae783, type: 2}
  m_PrefabInternal: {fileID: 764104176}
  serializedVersion: 5
  m_Component:
  - component: {fileID: 1835470006}
  m_Layer: 0
  m_Name: LeftShoulder
  m_TagString: Untagged
  m_Icon: {fileID: 0}
  m_NavMeshLayer: 0
  m_StaticEditorFlags: 0
  m_IsActive: 1
--- !u!4 &1835470006
Transform:
  m_ObjectHideFlags: 0
  m_PrefabParentObject: {fileID: 412362, guid: 9382e5891f289ff45b6537898acae783, type: 2}
  m_PrefabInternal: {fileID: 764104176}
  m_GameObject: {fileID: 1835470005}
  m_LocalRotation: {x: -0.20309497, y: 0.24357463, z: 0.1662591, w: 0.9336925}
  m_LocalPosition: {x: -0.0000000017881393, y: 0.052301314, z: 0}
  m_LocalScale: {x: 1, y: 1, z: 1}
  m_Children:
  - {fileID: 1880545008}
  m_Father: {fileID: 939504465}
  m_RootOrder: 0
  m_LocalEulerAnglesHint: {x: 0, y: 0, z: 0}
--- !u!1 &1869365327
GameObject:
  m_ObjectHideFlags: 0
  m_PrefabParentObject: {fileID: 155762, guid: 9382e5891f289ff45b6537898acae783, type: 2}
  m_PrefabInternal: {fileID: 764104176}
  serializedVersion: 5
  m_Component:
  - component: {fileID: 1869365328}
  m_Layer: 0
  m_Name: Head
  m_TagString: Untagged
  m_Icon: {fileID: 0}
  m_NavMeshLayer: 0
  m_StaticEditorFlags: 0
  m_IsActive: 1
--- !u!4 &1869365328
Transform:
  m_ObjectHideFlags: 0
  m_PrefabParentObject: {fileID: 402100, guid: 9382e5891f289ff45b6537898acae783, type: 2}
  m_PrefabInternal: {fileID: 764104176}
  m_GameObject: {fileID: 1869365327}
  m_LocalRotation: {x: -0.03136166, y: 0, z: -0, w: 0.99950814}
  m_LocalPosition: {x: -0, y: 0.045470648, z: 0.00000001013279}
  m_LocalScale: {x: 1, y: 1, z: 1}
  m_Children:
  - {fileID: 689004669}
  - {fileID: 1297869338}
  - {fileID: 1332608697}
  - {fileID: 1027978540}
  - {fileID: 168163853}
  m_Father: {fileID: 1563257137}
  m_RootOrder: 0
  m_LocalEulerAnglesHint: {x: 0, y: 0, z: 0}
--- !u!1 &1880545007
GameObject:
  m_ObjectHideFlags: 0
  m_PrefabParentObject: {fileID: 197710, guid: 9382e5891f289ff45b6537898acae783, type: 2}
  m_PrefabInternal: {fileID: 764104176}
  serializedVersion: 5
  m_Component:
  - component: {fileID: 1880545008}
  m_Layer: 0
  m_Name: LeftUpperArm
  m_TagString: Untagged
  m_Icon: {fileID: 0}
  m_NavMeshLayer: 0
  m_StaticEditorFlags: 0
  m_IsActive: 1
--- !u!4 &1880545008
Transform:
  m_ObjectHideFlags: 0
  m_PrefabParentObject: {fileID: 446372, guid: 9382e5891f289ff45b6537898acae783, type: 2}
  m_PrefabInternal: {fileID: 764104176}
  m_GameObject: {fileID: 1880545007}
  m_LocalRotation: {x: 0.068925105, y: -0.08129776, z: -0.062051214, w: 0.9923657}
  m_LocalPosition: {x: -0.0000000016391277, y: 0.054059155, z: 0}
  m_LocalScale: {x: 1, y: 1, z: 1}
  m_Children:
  - {fileID: 1228876623}
  m_Father: {fileID: 1835470006}
  m_RootOrder: 0
  m_LocalEulerAnglesHint: {x: 0, y: 0, z: 0}
--- !u!1 &2015152985
GameObject:
  m_ObjectHideFlags: 0
  m_PrefabParentObject: {fileID: 121518, guid: 9382e5891f289ff45b6537898acae783, type: 2}
  m_PrefabInternal: {fileID: 764104176}
  serializedVersion: 5
  m_Component:
  - component: {fileID: 2015152986}
  m_Layer: 0
  m_Name: RightHip_Dummy
  m_TagString: Untagged
  m_Icon: {fileID: 0}
  m_NavMeshLayer: 0
  m_StaticEditorFlags: 0
  m_IsActive: 1
--- !u!4 &2015152986
Transform:
  m_ObjectHideFlags: 0
  m_PrefabParentObject: {fileID: 441226, guid: 9382e5891f289ff45b6537898acae783, type: 2}
  m_PrefabInternal: {fileID: 764104176}
  m_GameObject: {fileID: 2015152985}
  m_LocalRotation: {x: -0.119997956, y: -0.10362475, z: -0.74596804, w: 0.6468339}
  m_LocalPosition: {x: 0, y: 0, z: 0}
  m_LocalScale: {x: 1, y: 1, z: 1}
  m_Children:
  - {fileID: 315444517}
  m_Father: {fileID: 1060939923}
  m_RootOrder: 1
  m_LocalEulerAnglesHint: {x: 0, y: 0, z: 0}
--- !u!1 &2035824347
GameObject:
  m_ObjectHideFlags: 0
  m_PrefabParentObject: {fileID: 120076, guid: 9382e5891f289ff45b6537898acae783, type: 2}
  m_PrefabInternal: {fileID: 764104176}
  serializedVersion: 5
  m_Component:
  - component: {fileID: 2035824348}
  m_Layer: 0
  m_Name: LeftFoot
  m_TagString: Untagged
  m_Icon: {fileID: 0}
  m_NavMeshLayer: 0
  m_StaticEditorFlags: 0
  m_IsActive: 1
--- !u!4 &2035824348
Transform:
  m_ObjectHideFlags: 0
  m_PrefabParentObject: {fileID: 460102, guid: 9382e5891f289ff45b6537898acae783, type: 2}
  m_PrefabInternal: {fileID: 764104176}
  m_GameObject: {fileID: 2035824347}
  m_LocalRotation: {x: -0.45257425, y: 0.5408951, z: 0.34705043, w: 0.618195}
  m_LocalPosition: {x: -0.000000034570693, y: 0.16728961, z: -0.000000038594006}
  m_LocalScale: {x: 1, y: 1, z: 1}
  m_Children:
  - {fileID: 1736470386}
  m_Father: {fileID: 17100986}
  m_RootOrder: 0
  m_LocalEulerAnglesHint: {x: 0, y: 0, z: 0}
--- !u!1 &2048112391
GameObject:
  m_ObjectHideFlags: 0
  m_PrefabParentObject: {fileID: 185774, guid: 9382e5891f289ff45b6537898acae783, type: 2}
  m_PrefabInternal: {fileID: 764104176}
  serializedVersion: 5
  m_Component:
  - component: {fileID: 2048112392}
  m_Layer: 0
  m_Name: RightLowerLeg
  m_TagString: Untagged
  m_Icon: {fileID: 0}
  m_NavMeshLayer: 0
  m_StaticEditorFlags: 0
  m_IsActive: 1
--- !u!4 &2048112392
Transform:
  m_ObjectHideFlags: 0
  m_PrefabParentObject: {fileID: 460420, guid: 9382e5891f289ff45b6537898acae783, type: 2}
  m_PrefabInternal: {fileID: 764104176}
  m_GameObject: {fileID: 2048112391}
  m_LocalRotation: {x: 0.12319381, y: 0.14110309, z: 0.0949112, w: 0.977704}
  m_LocalPosition: {x: -0.000000019073486, y: 0.22156572, z: 0.000000029802322}
  m_LocalScale: {x: 1, y: 1, z: 1}
  m_Children:
  - {fileID: 1219184411}
  m_Father: {fileID: 315444517}
  m_RootOrder: 0
  m_LocalEulerAnglesHint: {x: 0, y: 0, z: 0}
--- !u!1 &2113234634
GameObject:
  m_ObjectHideFlags: 0
  m_PrefabParentObject: {fileID: 176332, guid: 9382e5891f289ff45b6537898acae783, type: 2}
  m_PrefabInternal: {fileID: 764104176}
  serializedVersion: 5
  m_Component:
  - component: {fileID: 2113234635}
  m_Layer: 0
  m_Name: bone130
  m_TagString: Untagged
  m_Icon: {fileID: 0}
  m_NavMeshLayer: 0
  m_StaticEditorFlags: 0
  m_IsActive: 1
--- !u!4 &2113234635
Transform:
  m_ObjectHideFlags: 0
  m_PrefabParentObject: {fileID: 408064, guid: 9382e5891f289ff45b6537898acae783, type: 2}
  m_PrefabInternal: {fileID: 764104176}
  m_GameObject: {fileID: 2113234634}
  m_LocalRotation: {x: -0.45474315, y: 0.40033254, z: 0.13027711, w: 0.78483784}
  m_LocalPosition: {x: -0.000000014305114, y: 0.20564763, z: 0.0000000047683715}
  m_LocalScale: {x: 1, y: 1, z: 1}
  m_Children:
  - {fileID: 955095992}
  m_Father: {fileID: 689004669}
  m_RootOrder: 0
  m_LocalEulerAnglesHint: {x: 0, y: 0, z: 0}
--- !u!1 &2132664425
GameObject:
  m_ObjectHideFlags: 0
  m_PrefabParentObject: {fileID: 170342, guid: 9382e5891f289ff45b6537898acae783, type: 2}
  m_PrefabInternal: {fileID: 764104176}
  serializedVersion: 5
  m_Component:
  - component: {fileID: 2132664426}
  m_Layer: 0
  m_Name: Chest1
  m_TagString: Untagged
  m_Icon: {fileID: 0}
  m_NavMeshLayer: 0
  m_StaticEditorFlags: 0
  m_IsActive: 1
--- !u!4 &2132664426
Transform:
  m_ObjectHideFlags: 0
  m_PrefabParentObject: {fileID: 489856, guid: 9382e5891f289ff45b6537898acae783, type: 2}
  m_PrefabInternal: {fileID: 764104176}
  m_GameObject: {fileID: 2132664425}
  m_LocalRotation: {x: 0.22716153, y: 0, z: -0, w: 0.9738571}
  m_LocalPosition: {x: -0, y: 0.13500217, z: 0.00000012218952}
  m_LocalScale: {x: 1, y: 1, z: 1}
  m_Children:
  - {fileID: 1563257137}
  m_Father: {fileID: 1571958541}
  m_RootOrder: 0
  m_LocalEulerAnglesHint: {x: 0, y: 0, z: 0}
